3120 4778
243 116 312 175 XIV
401 130 403 135 ·
776 87 974 144 Praefatio.

244 293 361 357 biblica
389 296 421 355 et
448 311 487 354 ex
514 289 630 355 fabulis
658 290 744 371 apud
772 279 919 354 auctores
948 289 1102 353 librorum
1134 290 1388 374 apocryphorum
1416 296 1449 355 et
1474 293 1507 354 in

167 421 170 427 ’
244 426 378 490 ecclesia
404 427 538 507 antiqua
564 423 664 488 obviis
691 423 851 524 laudatur,
907 425 1138 507 Depromptum
1167 431 1217 489 est
1243 425 1395 489 e‘codice
1422 404 1507 490 Bod-

234 544 350 625 leiano
374 559 554 626 'Oxoniensi
586 558 694 660 XVIII
727 557 748 623 f.
785 565 908 623 1-34
927 579 962 614 =
977 561 1019 639 A,
1052 561 1118 624 oui·
1136 560 1246 624 collati
1279 566 1354 624 sunt
1383 562 1410 624 B
1438 562 1457 624 i.
1481 583 1507 625 e.

128 733 130 738 ·
195 781 198 788 .
244 696 343 761 codex
365 695 467 760 Musei
489 693 668 757 Britannici
691 694 762 757 LVI
785 694 805 757 f.
830 700 899 758 5-
914 700 955 758 46
983 700 1016 797 et
1042 695 1066 759 (l
1080 715 1116 750 =·
1130 695 1230 759 codex
1247 695 1395 788 'ejusdem
1418 696 1507 760 LVII

243 832 264 895 f.
292 838 363 895 3-
376 835 424 894 25.
476 828 633 906 Secunde,
668 828 843 892 Machbara
874 828 1074 909 Me'manan,
1104 831 1283 894 communio
1316 833 1506 897 sacrament

243 966 356 1030 altaris
384 963 576 1043 celebratur3
605 963 959 1045 nobissuppeditatum
987 969 1037 1028 est
1065 964 1225 1028 codicibus
1247 964 1385 1045 duobus,
1414 986 1456 1029 sc.
1480 968 1506 1029 Α

244 1121 300 1165 seu
315 1097 613 1175 Bodleiano'XVIII
628 1098 648 1161 f.
664 1103 706 1162 35
717 1137 760 1146 -
770 1104 811 1163 42
836 1099 916 1164 etB
939 1119 996 1163 seu
1011 1099 1113 1163 Musei
1128 1099 1207 1163 Brit.
1225 1099 1311 1204 LVII
1326 1100 1347 1164 f.
1363 1106 1402 1164 37
1412 1107 1507 1164 -41,

27 1246 30 1251 ’
132 1274 135 1280 ·
244 1236 366 1313 Tertio,
392 1232 531 1298 Malke’a
552 1233 701 1312 Mariam,
730 1234 910 1316 exemplum
932 1221 1100 1299 exhibetur
1121 1255 1231 1299 eorum
1253 1237 1452 1316 poematum,
1475 1236 1507 1299 in

243 1369 359 1452 quibus
386 1389 443 1450 per
470 1369 610 1451 singulos
637 1389 748 1433 versus
776 1346 904 1450 singula
917 1369 1115 1434 =Sanctorum
1136 1337 1279 1433 membra
1300 1369 1350 1434 vel
1373 1370 1507 1435 virtutes

243 1503 367 1568 laudari
390 1503 509 1582 solent,
540 1503 720 1586 quibusque
745 1524 822 1586 prae
851 1505 966 1569 ceteris
992 1503 1148 1586 gaudent,
1182 1505 1429 1586 transscriptum
1459 1512 1507 1570 est

243 1660 283 1704 ex
305 1641 333 1702 Α
355 1639 375 1702 i.
398 1658 425 1710 e,
448 1638 554 1709 codice
576 1638 667 1703 Bodl.
690 1638 797 1702 XVIII
820 1639 840 1703 f.
864 1644 1010 1704 47-62
1035 1643 1067 1702 et
1094 1638 1247 1704 collatum
1275 1660 1346 1704 cum
1374 1641 1400 1704 B
1431 1641 1450 1703 i.
1481 1663 1506 1705 e.

243 1773 350 1837 codice
371 1773 452 1837 Mus.
475 1773 555 1836 Brit.
578 1773 666 1836 LVII
687 1773 707 1836 f.
730 1779 771 1837 44
785 1813 825 1821 -
838 1778 887 1838 56.
932 1773 1088 1850 Quartum
1110 1780 1143 1838 et
1164 1776 1327 1856 quintum,
1361 1797 1443 1857 quae
1465 1778 1507 1842 ad

243 1909 331 1973 aliud
363 1928 462 1989 genus
495 1869 710 1992 rhythmicum
736 1886 911 1990 pertinuit,
946 1909 1115 1972 sumsimus
1143 1930 1159 1971 e
1193 1908 1300 1972 codice
1330 1911 1507 1975 Bodleiano

226 2044 350 2140 'XVIII
371 2044 391 2107 f.
416 2048 564 2108 62-63
585 2049 618 2107 et
639 2043 660 2108 f.
682 2049 836 2108 34-35.

250 2266 253 2272 Ι
330 2182 381 2263 10)
403 2180 666 2259 Autcpboaarura
698 2200 780 2260 quae
805 2181 847 2268 ¹iu
879 2179 970 2244 libris
1004 2173 1224 2253 vnvm-'rr
1258 2181 1308 2244 vel
1341 2181 1428 2254 ,Ε’ῆε
1458 2184 1506 2248 in.

241 2314 369 2396 scriptis
391 2314 597 2378 continentur
623 2313 789 2396 hucusque
815 2314 905 2379 nulla
931 2316 1016 2397 typis
1042 2316 1129 2380 edita
1156 2319 1214 2379 est.
1264 2317 1308 2379 At
1326 2310 1406 2380 ¹cum
1433 2341 1506 2401 pre-

240 2449 419 2513 tiosissimis
441 2447 608 2512 literarum
629 2449 890 2531 Aethiopicarum
915 2451 1128 2515 monumentis
1150 2451 1409 2516 annumerandae
1431 2455 1506 2533 sint,

240 2605 350 2648 earum
377 2604 504 2665 quoque
531 2584 688 2666 specimen
716 2583 833 2648 addere
859 2584 994 2666 placuit,
1023 2606 1086 2667 quo
1114 2585 1312 2650 eruditorum
1340 2587 1438 2650 animi
1465 2590 1507 2651 ad

239 2719 330 2783 illum
352 2718 724 2802 ecclesiaedbyssinicae
741 2720 928 2784 thesaurum
951 2719 1202 2784 adverterentur.
1240 2719 1415 2800 Selegimus
1438 2725 1505 2803 pri-

238 2876 332 2934 mam,
348 2857 592 2937 transscriptam
608 2876 625 2919 e
640 2855 753 2936 Degua
767 2825 855 2936 quod
869 2850 1006 2918 Londini
1020 2854 1054 2916 in
1068 2854 1262 2919 bibliotheca
1279 2853 1448 2920 Societatis
1464 2858 1504 2920 ad

239 2989 345 3054 Biblia
360 3010 451 3053 sacra
465 2990 498 3052 in
513 2990 683 3053 Britannia
698 2994 730 3053 et
750 2989 837 3071 apud
857 2995 983 3053 exteras
1004 2994 1114 3070 gentes
1138 2988 1315 3077 evulganda
1336 2990 1504 3055 institutae

114 3127 137 3184 J
238 3128 438 3202 asservatur,
472 3144 625 3204 eamque,
660 3125 800 3206 exceptis
834 3123 911 3188 locis
942 3123 1053 3205 paucis
1084 3123 1140 3205 qui
1168 3123 1274 3185 insani
1304 3116 1503 3196 videbantur,

238 3263 341 3322 totam
362 3258 572 3322 exhibuimus.
616 3258 717 3323 Notas
739 3259 889 3337 musicas,
914 3258 1028 3340 quibus
1051 3258 1178 3340 singula
1197 3257 1395 3338 singulorum
1413 3253 1503 3335 hym-

239 3413 354 3457 norum
380 3393 477 3458 verba
502 3394 536 3457 in
564 3392 776 3476 hymnologiis
804 3394 881 3459 Msc.
914 3395 1038 3459 munita
1072 3412 1140 3457 esse
1174 3393 1290 3468 solent,
1326 3374 1503 3452 omisimus:

238 3547 341 3609 neque
375 3529 459 3592 enim
491 3528 568 3610 quid
595 3529 741 3611 singulae
769 3516 897 3593 valeant
928 3528 1034 3592 adhue
1066 3528 1272 3609 explanatum
1306 3530 1367 3602 est,
1400 3543 1505 3604 neque

237 3664 466 3747 typographica
499 3663 641 3741 subsidia
674 3670 791 3728 nostra·
816 3663 857 3727 ad
891 3684 944 3727 eas
975 3662 1147 3726 imitandas
1176 3660 1347 3725 sufficiunt.
1403 3657 1505 3721 Voces

242 3875 495 3883 ..-.--—.-—-—..-

236 4009 301 4062 inde
321 4012 395 4076 orto,
411 3991 493 4076 'quod
511 4006 541 4058 in
559 4005 719 4074 apographo
738 4007 835 4058 nostro
854 4019 982 4058 versuum
1000 4018 1130 4056 numeros
1153 4001 1341 4055 adscribentes
1363 3997 1440 4064 lapsu
1461 4013 1504 4048 ca-

237 4113 301 4164 lami
319 4130 334 4165 a
352 4127 467 4165 numero
486 4111 519 4160 47
539 4107 575 4161 ad
593 4124 738 4162 numerum
757 4111 790 4160 50
809 4107 949 4177 progressi
968 4125 1066 4162 sumus.
1109 4107 1190 4172 Cujus
1210 4104 1310 4158 erroris
1330 4099 1437 4154 veniam
1458 4115 1505 4166 pe-

235 4199 325 4265 timus.
