<?xml version="1.0" encoding="UTF-8"?>
<!DOCTYPE html PUBLIC "-//W3C//DTD XHTML 1.0 Transitional//EN"
    "http://www.w3.org/TR/xhtml1/DTD/xhtml1-transitional.dtd">
<html xmlns="http://www.w3.org/1999/xhtml" xml:lang="en" lang="en">
 <head>
  <title>
</title>
<meta http-equiv="Content-Type" content="text/html;charset=utf-8" />
  <meta name='ocr-system' content='tesseract 3.04.00' />
  <meta name='ocr-capabilities' content='ocr_page ocr_carea ocr_par ocr_line ocrx_word'/>
</head>
<body>
  <div class='ocr_page' id='page_1' title='image "./chrestomathiaae00dillgoog_0012.png"; bbox 0 0 3120 4778; ppageno 0'>
   <div class='ocr_carea' id='block_1_1' title="bbox 426 1345 959 1496">
    <p class='ocr_par' dir='ltr' id='par_1_1' title="bbox 426 1345 959 1496">
     <span class='ocr_line' id='line_1_1' title="bbox 426 1345 959 1496; baseline 0.006 -58"><span class='ocrx_word' id='word_1_1' title='bbox 426 1432 429 1438; x_wconf 84' lang='grc'>,</span> <span class='ocrx_word' id='word_1_2' title='bbox 556 1345 868 1454; x_wconf 78' lang='lat' dir='ltr'><strong>rnnnnnno.</strong></span> <span class='ocrx_word' id='word_1_3' title='bbox 956 1492 959 1496; x_wconf 5' lang='grc' dir='ltr'><em>ι</em></span> 
     </span>
    </p>
   </div>
   <div class='ocr_carea' id='block_1_2' title="bbox 655 1700 764 1708">
    <p class='ocr_par' dir='ltr' id='par_1_2' title="bbox 655 1700 764 1708">
     <span class='ocr_line' id='line_1_2' title="bbox 655 1700 764 1708; baseline -0.009 0"><span class='ocrx_word' id='word_1_4' title='bbox 655 1700 764 1708; x_wconf 79' lang='lat'><strong>--—--</strong></span> 
     </span>
    </p>
   </div>
   <div class='ocr_carea' id='block_1_3' title="bbox 47 1946 1383 4085">
    <p class='ocr_par' dir='ltr' id='par_1_3' title="bbox 47 1946 1383 3555">
     <span class='ocr_line' id='line_1_3' title="bbox 167 1946 1343 2067; baseline -0.003 -26"><span class='ocrx_word' id='word_1_5' title='bbox 167 1946 460 2042; x_wconf 69' lang='lat' dir='ltr'><strong>Chrestomathiam</strong></span> <span class='ocrx_word' id='word_1_6' title='bbox 482 1977 601 2041; x_wconf 80' lang='lat' dir='ltr'>edituri</span> <span class='ocrx_word' id='word_1_7' title='bbox 623 1998 732 2041; x_wconf 88' lang='lat' dir='ltr'><strong>sumus</strong></span> <span class='ocrx_word' id='word_1_8' title='bbox 754 1997 836 2058; x_wconf 87' lang='lat' dir='ltr'><strong>quae</strong></span> <span class='ocrx_word' id='word_1_9' title='bbox 858 1981 891 2039; x_wconf 87' lang='lat' dir='ltr'><strong>et</strong></span> <span class='ocrx_word' id='word_1_10' title='bbox 910 1976 1079 2058; x_wconf 84' lang='lat' dir='ltr'><strong>juvenibus</strong></span> <span class='ocrx_word' id='word_1_11' title='bbox 1096 1976 1178 2039; x_wconf 86' lang='lat' dir='ltr'><strong>Geez</strong></span> <span class='ocrx_word' id='word_1_12' title='bbox 1200 1975 1343 2067; x_wconf 83' lang='lat' dir='ltr'><strong>linguam</strong></span> 
     </span>
     <span class='ocr_line' id='line_1_4' title="bbox 47 2109 1343 2194; baseline 0.001 -20"><span class='ocrx_word' id='word_1_13' title='bbox 47 2137 51 2142; x_wconf 93' lang='lat'><em>·</em></span> <span class='ocrx_word' id='word_1_14' title='bbox 78 2111 314 2177; x_wconf 80' lang='lat' dir='ltr'><strong>addiscentibus</strong></span> <span class='ocrx_word' id='word_1_15' title='bbox 336 2120 369 2176; x_wconf 84' lang='lat' dir='ltr'><strong>et</strong></span> <span class='ocrx_word' id='word_1_16' title='bbox 389 2113 464 2176; x_wconf 90' lang='lat' dir='ltr'><strong>viris</strong></span> <span class='ocrx_word' id='word_1_17' title='bbox 483 2112 678 2176; x_wconf 81' lang='lat' dir='ltr'><strong>doctioribus</strong></span> <span class='ocrx_word' id='word_1_18' title='bbox 693 2133 774 2176; x_wconf 89' lang='lat' dir='ltr'><strong>nova</strong></span> <span class='ocrx_word' id='word_1_19' title='bbox 790 2112 947 2194; x_wconf 85' lang='lat' dir='ltr'><strong>quaedam</strong></span> <span class='ocrx_word' id='word_1_20' title='bbox 962 2109 1142 2174; x_wconf 86' lang='lat' dir='ltr'><strong>studiorum</strong></span> <span class='ocrx_word' id='word_1_21' title='bbox 1157 2110 1343 2194; x_wconf 84' lang='lat' dir='ltr'><strong>adjumenta</strong></span> 
     </span>
     <span class='ocr_line' id='line_1_5' title="bbox 77 2246 1383 2331; baseline 0.001 -22"><span class='ocrx_word' id='word_1_22' title='bbox 77 2247 230 2326; x_wconf 78' lang='lat' dir='ltr'><strong>praebere</strong></span> <span class='ocrx_word' id='word_1_23' title='bbox 251 2248 360 2328; x_wconf 79' lang='lat' dir='ltr'><strong>possit.</strong></span> <span class='ocrx_word' id='word_1_24' title='bbox 405 2249 454 2311; x_wconf 88' lang='lat' dir='ltr'><strong>Ea</strong></span> <span class='ocrx_word' id='word_1_25' title='bbox 474 2248 680 2312; x_wconf 88' lang='lat' dir='ltr'><strong>continentur</strong></span> <span class='ocrx_word' id='word_1_26' title='bbox 701 2249 876 2331; x_wconf 80' lang='lat' dir='ltr'><strong>specimina</strong></span> <span class='ocrx_word' id='word_1_27' title='bbox 895 2247 1061 2312; x_wconf 90' lang='lat' dir='ltr'><strong>literarum</strong></span> <span class='ocrx_word' id='word_1_28' title='bbox 1084 2246 1343 2330; x_wconf 80' lang='lat' dir='ltr'><strong>Aethiopiearum</strong></span> <span class='ocrx_word' id='word_1_29' title='bbox 1380 2288 1383 2293; x_wconf 35' lang='grc' dir='ltr'><strong><em>ι</em></strong></span> 
     </span>
     <span class='ocr_line' id='line_1_6' title="bbox 77 2381 1344 2466; baseline 0.002 -22"><span class='ocrx_word' id='word_1_30' title='bbox 77 2381 211 2460; x_wconf 92' lang='lat' dir='ltr'><strong>inedita,</strong></span> <span class='ocrx_word' id='word_1_31' title='bbox 232 2384 311 2446; x_wconf 89' lang='lat' dir='ltr'><strong>varii</strong></span> <span class='ocrx_word' id='word_1_32' title='bbox 326 2384 463 2465; x_wconf 83' lang='lat' dir='ltr'><strong>generis,</strong></span> <span class='ocrx_word' id='word_1_33' title='bbox 485 2404 589 2464; x_wconf 92' lang='lat' dir='ltr'><strong>neque</strong></span> <span class='ocrx_word' id='word_1_34' title='bbox 604 2382 735 2464; x_wconf 86' lang='lat' dir='ltr'><strong>indigna</strong></span> <span class='ocrx_word' id='word_1_35' title='bbox 750 2403 832 2464; x_wconf 87' lang='lat' dir='ltr'><strong>quae</strong></span> <span class='ocrx_word' id='word_1_36' title='bbox 847 2387 917 2447; x_wconf 88' lang='lat' dir='ltr'><strong>arte</strong></span> <span class='ocrx_word' id='word_1_37' title='bbox 932 2383 1164 2466; x_wconf 84' lang='lat' dir='ltr'><strong>typographica</strong></span> <span class='ocrx_word' id='word_1_38' title='bbox 1179 2382 1344 2464; x_wconf 79' lang='lat' dir='ltr'><strong>divulgata</strong></span> 
     </span>
     <span class='ocr_line' id='line_1_7' title="bbox 77 2517 1343 2600; baseline 0.002 -21"><span class='ocrx_word' id='word_1_39' title='bbox 77 2517 223 2597; x_wconf 90' lang='lat' dir='ltr'><strong>pluribus</strong></span> <span class='ocrx_word' id='word_1_40' title='bbox 245 2525 312 2582; x_wconf 90' lang='lat' dir='ltr'><strong>tam</strong></span> <span class='ocrx_word' id='word_1_41' title='bbox 334 2518 504 2600; x_wconf 83' lang='lat' dir='ltr'><strong>philologis</strong></span> <span class='ocrx_word' id='word_1_42' title='bbox 519 2540 615 2600; x_wconf 90' lang='lat' dir='ltr'><strong>quam</strong></span> <span class='ocrx_word' id='word_1_43' title='bbox 635 2518 793 2599; x_wconf 81' lang='lat' dir='ltr'><strong>theologis</strong></span> <span class='ocrx_word' id='word_1_44' title='bbox 812 2519 1015 2583; x_wconf 88' lang='lat' dir='ltr'><strong>innotescant</strong></span> <span class='ocrx_word' id='word_1_45' title='bbox 1030 2524 1062 2582; x_wconf 89' lang='lat' dir='ltr'><strong>et</strong></span> <span class='ocrx_word' id='word_1_46' title='bbox 1076 2517 1233 2599; x_wconf 81' lang='lat' dir='ltr'><strong>legantur.</strong></span> <span class='ocrx_word' id='word_1_47' title='bbox 1267 2519 1343 2582; x_wconf 92' lang='lat' dir='ltr'><strong>Plu·</strong></span> 
     </span>
     <span class='ocr_line' id='line_1_8' title="bbox 77 2651 1343 2747; baseline 0 -33"><span class='ocrx_word' id='word_1_48' title='bbox 77 2652 159 2725; x_wconf 89' lang='lat' dir='ltr'><strong>rima</strong></span> <span class='ocrx_word' id='word_1_49' title='bbox 181 2673 290 2747; x_wconf 91' lang='lat' dir='ltr'><strong>eorum</strong></span> <span class='ocrx_word' id='word_1_50' title='bbox 318 2674 357 2717; x_wconf 86' lang='lat' dir='ltr'><strong>ex</strong></span> <span class='ocrx_word' id='word_1_51' title='bbox 385 2653 457 2718; x_wconf 88' lang='lat' dir='ltr'><strong>aliis</strong></span> <span class='ocrx_word' id='word_1_52' title='bbox 484 2652 602 2734; x_wconf 83' lang='lat' dir='ltr'><strong>linguis</strong></span> <span class='ocrx_word' id='word_1_53' title='bbox 631 2654 664 2717; x_wconf 92' lang='lat' dir='ltr'><strong>in</strong></span> <span class='ocrx_word' id='word_1_54' title='bbox 695 2653 777 2716; x_wconf 84' lang='lat' dir='ltr'><strong>Geez</strong></span> <span class='ocrx_word' id='word_1_55' title='bbox 805 2653 963 2719; x_wconf 84' lang='lat' dir='ltr'><strong>translata</strong></span> <span class='ocrx_word' id='word_1_56' title='bbox 986 2658 1116 2715; x_wconf 86' lang='lat' dir='ltr'><strong>suntet</strong></span> <span class='ocrx_word' id='word_1_57' title='bbox 1138 2651 1255 2734; x_wconf 86' lang='lat' dir='ltr'><strong>stylum</strong></span> <span class='ocrx_word' id='word_1_58' title='bbox 1278 2653 1343 2715; x_wconf 87' lang='lat' dir='ltr'><strong>sive</strong></span> 
     </span>
     <span class='ocr_line' id='line_1_9' title="bbox 79 2764 1344 2868; baseline -0.002 -18"><span class='ocrx_word' id='word_1_59' title='bbox 79 2786 236 2851; x_wconf 87' lang='lat' dir='ltr'><strong>Graecum</strong></span> <span class='ocrx_word' id='word_1_60' title='bbox 259 2790 323 2852; x_wconf 88' lang='lat' dir='ltr'><strong>sive</strong></span> <span class='ocrx_word' id='word_1_61' title='bbox 345 2789 517 2853; x_wconf 84' lang='lat' dir='ltr'><strong>Arabicum</strong></span> <span class='ocrx_word' id='word_1_62' title='bbox 539 2787 698 2867; x_wconf 86' lang='lat' dir='ltr'><strong>redolent,</strong></span> <span class='ocrx_word' id='word_1_63' title='bbox 727 2788 879 2868; x_wconf 87' lang='lat' dir='ltr'><strong>pauciora</strong></span> <span class='ocrx_word' id='word_1_64' title='bbox 907 2764 953 2850; x_wconf 70' lang='lat' dir='ltr'><strong>iu¹</strong></span> <span class='ocrx_word' id='word_1_65' title='bbox 968 2785 1139 2868; x_wconf 82' lang='lat' dir='ltr'><strong>Abyssinia</strong></span> <span class='ocrx_word' id='word_1_66' title='bbox 1163 2786 1235 2867; x_wconf 88' lang='lat' dir='ltr'><strong>ipsa</strong></span> <span class='ocrx_word' id='word_1_67' title='bbox 1262 2787 1344 2847; x_wconf 68' lang='lat' dir='ltr'><strong>comss</strong></span> 
     </span>
     <span class='ocr_line' id='line_1_10' title="bbox 77 2919 1343 3004; baseline -0.004 -18"><span class='ocrx_word' id='word_1_68' title='bbox 77 2923 183 3004; x_wconf 88' lang='lat' dir='ltr'><strong>posita</strong></span> <span class='ocrx_word' id='word_1_69' title='bbox 216 2929 303 3004; x_wconf 79' lang='lat' dir='ltr'><strong>sunt,</strong></span> <span class='ocrx_word' id='word_1_70' title='bbox 341 2924 406 2988; x_wconf 89' lang='lat' dir='ltr'><strong>alia</strong></span> <span class='ocrx_word' id='word_1_71' title='bbox 438 2923 642 3004; x_wconf 86' lang='lat' dir='ltr'><strong>antiquitatis</strong></span> <span class='ocrx_word' id='word_1_72' title='bbox 675 2922 875 2987; x_wconf 83' lang='lat' dir='ltr'><strong>Christianae</strong></span> <span class='ocrx_word' id='word_1_73' title='bbox 912 2928 1119 2984; x_wconf 88' lang='lat' dir='ltr'><strong>monumenta</strong></span> <span class='ocrx_word' id='word_1_74' title='bbox 1157 2925 1232 2982; x_wconf 88' lang='lat' dir='ltr'><strong>sunt</strong></span> <span class='ocrx_word' id='word_1_75' title='bbox 1265 2919 1343 2982; x_wconf 90' lang='lat' dir='ltr'><strong>satis</strong></span> 
     </span>
     <span class='ocr_line' id='line_1_11' title="bbox 78 3053 1343 3139; baseline -0.001 -20"><span class='ocrx_word' id='word_1_76' title='bbox 78 3057 309 3138; x_wconf 86' lang='lat' dir='ltr'><strong>memorabilia,</strong></span> <span class='ocrx_word' id='word_1_77' title='bbox 348 3058 412 3124; x_wconf 90' lang='lat' dir='ltr'><strong>alia</strong></span> <span class='ocrx_word' id='word_1_78' title='bbox 444 3060 599 3123; x_wconf 86' lang='lat' dir='ltr'><strong>sermonis</strong></span> <span class='ocrx_word' id='word_1_79' title='bbox 632 3065 665 3123; x_wconf 86' lang='lat' dir='ltr'><strong>et</strong></span> <span class='ocrx_word' id='word_1_80' title='bbox 697 3058 816 3139; x_wconf 80' lang='lat' dir='ltr'><strong>ingenii</strong></span> <span class='ocrx_word' id='word_1_81' title='bbox 849 3078 912 3139; x_wconf 89' lang='lat' dir='ltr'><strong>quo</strong></span> <span class='ocrx_word' id='word_1_82' title='bbox 947 3055 1097 3138; x_wconf 84' lang='lat' dir='ltr'><strong>Abyssini</strong></span> <span class='ocrx_word' id='word_1_83' title='bbox 1130 3053 1233 3118; x_wconf 92' lang='lat' dir='ltr'><strong>medio</strong></span> <span class='ocrx_word' id='word_1_84' title='bbox 1266 3074 1343 3118; x_wconf 85' lang='lat' dir='ltr'><strong>aevo</strong></span> 
     </span>
     <span class='ocr_line' id='line_1_12' title="bbox 77 3157 1342 3275; baseline -0.002 -21"><span class='ocrx_word' id='word_1_85' title='bbox 77 3196 214 3275; x_wconf 81' lang='lat' dir='ltr'><strong>exeunte</strong></span> <span class='ocrx_word' id='word_1_86' title='bbox 235 3194 411 3258; x_wconf 86' lang='lat' dir='ltr'><strong>utebantur</strong></span> <span class='ocrx_word' id='word_1_87' title='bbox 433 3157 636 3273; x_wconf 75' lang='lat' dir='ltr'><strong>documenta,</strong></span> <span class='ocrx_word' id='word_1_88' title='bbox 659 3192 723 3256; x_wconf 91' lang='lat' dir='ltr'><strong>alia</strong></span> <span class='ocrx_word' id='word_1_89' title='bbox 743 3193 842 3275; x_wconf 90' lang='lat' dir='ltr'><strong>plana</strong></span> <span class='ocrx_word' id='word_1_90' title='bbox 863 3197 976 3274; x_wconf 87' lang='lat' dir='ltr'><strong>aperta</strong></span> <span class='ocrx_word' id='word_1_91' title='bbox 998 3189 1180 3269; x_wconf 88' lang='lat' dir='ltr'><strong>emendata,</strong></span> <span class='ocrx_word' id='word_1_92' title='bbox 1203 3189 1269 3253; x_wconf 87' lang='lat' dir='ltr'><strong>alia</strong></span> <span class='ocrx_word' id='word_1_93' title='bbox 1282 3187 1342 3252; x_wconf 83' lang='lat' dir='ltr'><strong>dif-</strong></span> 
     </span>
     <span class='ocr_line' id='line_1_13' title="bbox 77 3323 1343 3411; baseline -0.002 -23"><span class='ocrx_word' id='word_1_94' title='bbox 77 3326 225 3406; x_wconf 89' lang='lat' dir='ltr'><strong>ficiliora,</strong></span> <span class='ocrx_word' id='word_1_95' title='bbox 254 3349 494 3411; x_wconf 89' lang='lat' dir='ltr'><strong>nonnumquam</strong></span> <span class='ocrx_word' id='word_1_96' title='bbox 516 3333 669 3410; x_wconf 89' lang='lat' dir='ltr'><strong>corrupta</strong></span> <span class='ocrx_word' id='word_1_97' title='bbox 690 3334 723 3392; x_wconf 91' lang='lat' dir='ltr'><strong>et</strong></span> <span class='ocrx_word' id='word_1_98' title='bbox 745 3327 875 3393; x_wconf 85' lang='lat' dir='ltr'><strong>criticae</strong></span> <span class='ocrx_word' id='word_1_99' title='bbox 904 3346 1032 3407; x_wconf 89' lang='lat' dir='ltr'><strong>quoque</strong></span> <span class='ocrx_word' id='word_1_100' title='bbox 1058 3323 1343 3388; x_wconf 84' lang='lat' dir='ltr'><strong>arti&#39;exercendae</strong></span> 
     </span>
     <span class='ocr_line' id='line_1_14' title="bbox 76 3460 798 3555; baseline 0.001 -32"><span class='ocrx_word' id='word_1_101' title='bbox 76 3462 200 3526; x_wconf 88' lang='lat' dir='ltr'><strong>idonea.</strong></span> <span class='ocrx_word' id='word_1_102' title='bbox 254 3460 256 3463; x_wconf 69' lang='grc'><strong>’</strong></span> <span class='ocrx_word' id='word_1_103' title='bbox 795 3551 798 3555; x_wconf 76' lang='lat'><strong>.</strong></span> 
     </span>
    </p>

    <p class='ocr_par' dir='ltr' id='par_1_4' title="bbox 76 3592 1344 4085">
     <span class='ocr_line' id='line_1_15' title="bbox 162 3592 1343 3681; baseline -0.004 -21"><span class='ocrx_word' id='word_1_104' title='bbox 162 3598 305 3661; x_wconf 90' lang='lat' dir='ltr'><strong>Primum</strong></span> <span class='ocrx_word' id='word_1_105' title='bbox 327 3598 449 3663; x_wconf 90' lang='lat' dir='ltr'><strong>ducunt</strong></span> <span class='ocrx_word' id='word_1_106' title='bbox 462 3619 584 3681; x_wconf 84' lang='lat' dir='ltr'><strong>agmen</strong></span> <span class='ocrx_word' id='word_1_107' title='bbox 605 3597 780 3680; x_wconf 86' lang='lat' dir='ltr'><strong>specimina</strong></span> <span class='ocrx_word' id='word_1_108' title='bbox 806 3594 965 3679; x_wconf 89' lang='lat' dir='ltr'><strong>quaedam</strong></span> <span class='ocrx_word' id='word_1_109' title='bbox 987 3594 1141 3659; x_wconf 84' lang='lat' dir='ltr'><strong>orationis</strong></span> <span class='ocrx_word' id='word_1_110' title='bbox 1162 3592 1343 3671; x_wconf 84' lang='lat' dir='ltr'><strong>historicae,</strong></span> 
     </span>
     <span class='ocr_line' id='line_1_16' title="bbox 76 3726 1343 3818; baseline -0.006 -22"><span class='ocrx_word' id='word_1_111' title='bbox 76 3732 225 3797; x_wconf 85' lang='lat' dir='ltr'><strong>videlicet</strong></span> <span class='ocrx_word' id='word_1_112' title='bbox 245 3733 327 3797; x_wconf 88' lang='lat' dir='ltr'><strong>liber</strong></span> <span class='ocrx_word' id='word_1_113' title='bbox 342 3734 483 3799; x_wconf 90' lang='lat' dir='ltr'><strong>Baruchi</strong></span> <span class='ocrx_word' id='word_1_114' title='bbox 506 3733 707 3818; x_wconf 77' lang='lat' dir='ltr'><strong>apocryphus</strong></span> <span class='ocrx_word' id='word_1_115' title='bbox 729 3738 762 3796; x_wconf 88' lang='lat' dir='ltr'><strong>et</strong></span> <span class='ocrx_word' id='word_1_116' title='bbox 783 3730 1045 3796; x_wconf 89' lang='lat' dir='ltr'><strong>narratiunculae</strong></span> <span class='ocrx_word' id='word_1_117' title='bbox 1068 3730 1107 3794; x_wconf 90' lang='lat' dir='ltr'><strong>de</strong></span> <span class='ocrx_word' id='word_1_118' title='bbox 1122 3730 1197 3793; x_wconf 83' lang='lat' dir='ltr'><strong>viris</strong></span> <span class='ocrx_word' id='word_1_119' title='bbox 1213 3726 1343 3803; x_wconf 84' lang='lat' dir='ltr'><strong>sanctis,</strong></span> 
     </span>
     <span class='ocr_line' id='line_1_17' title="bbox 76 3863 1343 3952; baseline -0.006 -20"><span class='ocrx_word' id='word_1_120' title='bbox 76 3891 174 3949; x_wconf 90' lang='lat' dir='ltr'><strong>quae,</strong></span> <span class='ocrx_word' id='word_1_121' title='bbox 203 3890 400 3951; x_wconf 89' lang='lat' dir='ltr'><strong>quamquam</strong></span> <span class='ocrx_word' id='word_1_122' title='bbox 429 3869 471 3934; x_wconf 91' lang='lat' dir='ltr'><strong>ad</strong></span> <span class='ocrx_word' id='word_1_123' title='bbox 497 3867 773 3952; x_wconf 84' lang='lat' dir='ltr'><strong>interpretandum</strong></span> <span class='ocrx_word' id='word_1_124' title='bbox 800 3865 974 3944; x_wconf 84' lang='lat' dir='ltr'><strong>faciliores,</strong></span> <span class='ocrx_word' id='word_1_125' title='bbox 1004 3870 1111 3929; x_wconf 88' lang='lat' dir='ltr'><strong>tamen</strong></span> <span class='ocrx_word' id='word_1_126' title='bbox 1137 3883 1209 3926; x_wconf 91' lang='lat' dir='ltr'><strong>cum</strong></span> <span class='ocrx_word' id='word_1_127' title='bbox 1236 3863 1343 3924; x_wconf 84' lang='lat' dir='ltr'><strong>aetate</strong></span> 
     </span>
     <span class='ocr_line' id='line_1_18' title="bbox 76 3994 1344 4085; baseline -0.005 -20"><span class='ocrx_word' id='word_1_128' title='bbox 76 4008 109 4065; x_wconf 87' lang='lat' dir='ltr'><strong>et</strong></span> <span class='ocrx_word' id='word_1_129' title='bbox 135 4003 261 4067; x_wconf 90' lang='lat' dir='ltr'><strong>dicendi</strong></span> <span class='ocrx_word' id='word_1_130' title='bbox 289 4024 404 4085; x_wconf 80' lang='lat' dir='ltr'><strong>genere</strong></span> <span class='ocrx_word' id='word_1_131' title='bbox 429 4005 596 4070; x_wconf 87' lang='lat' dir='ltr'><strong>inferiores</strong></span> <span class='ocrx_word' id='word_1_132' title='bbox 624 4005 702 4082; x_wconf 87' lang='lat' dir='ltr'><strong>sint,</strong></span> <span class='ocrx_word' id='word_1_133' title='bbox 736 4007 809 4084; x_wconf 88' lang='lat' dir='ltr'><strong>post</strong></span> <span class='ocrx_word' id='word_1_134' title='bbox 835 4001 952 4066; x_wconf 91' lang='lat' dir='ltr'><strong>librum</strong></span> <span class='ocrx_word' id='word_1_135' title='bbox 974 3995 1113 4064; x_wconf 89' lang='lat' dir='ltr'><strong>Baruchi</strong></span> <span class='ocrx_word' id='word_1_136' title='bbox 1141 3994 1344 4059; x_wconf 88' lang='lat' dir='ltr'><strong>collocandae</strong></span> 
     </span>
    </p>
   </div>
   <div class='ocr_carea' id='block_1_4' title="bbox 75 4135 275 4201">
    <p class='ocr_par' dir='ltr' id='par_1_5' title="bbox 75 4135 275 4201">
     <span class='ocr_line' id='line_1_19' title="bbox 75 4135 275 4201; baseline 0.005 -2"><span class='ocrx_word' id='word_1_137' title='bbox 75 4135 275 4201; x_wconf 79' lang='lat' dir='ltr'><strong>videbantur.</strong></span> 
     </span>
    </p>
   </div>
   <div class='ocr_carea' id='block_1_5' title="bbox 0 0 1564 4778">
    <p class='ocr_par' dir='ltr' id='par_1_6' title="bbox 0 0 1564 4778">
     <span class='ocr_line' id='line_1_20' title="bbox 0 0 1564 4778; baseline 0 1"><span class='ocrx_word' id='word_1_138' title='bbox 0 0 1564 4778; x_wconf 95' lang='lat' dir='ltr'><strong> </strong></span> 
     </span>
    </p>
   </div>
  </div>
 </body>
</html>
