<?xml version="1.0" encoding="UTF-8"?>
<!DOCTYPE html PUBLIC "-//W3C//DTD XHTML 1.0 Transitional//EN"
    "http://www.w3.org/TR/xhtml1/DTD/xhtml1-transitional.dtd">
<html xmlns="http://www.w3.org/1999/xhtml" xml:lang="en" lang="en">
 <head>
  <title>
</title>
<meta http-equiv="Content-Type" content="text/html;charset=utf-8" />
  <meta name='ocr-system' content='tesseract 3.04.00' />
  <meta name='ocr-capabilities' content='ocr_page ocr_carea ocr_par ocr_line ocrx_word'/>
</head>
<body>
  <div class='ocr_page' id='page_1' title='image "./chrestomathiaae00dillgoog_0014.png"; bbox 0 0 3120 4778; ppageno 0'>
   <div class='ocr_carea' id='block_1_1' title="bbox 682 71 1414 147">
    <p class='ocr_par' dir='ltr' id='par_1_1' title="bbox 682 71 1414 147">
     <span class='ocr_line' id='line_1_1' title="bbox 682 71 1414 147; baseline -0.001 -20"><span class='ocrx_word' id='word_1_1' title='bbox 682 71 880 128; x_wconf 83' lang='lat' dir='ltr'>Praefatio.</span> <span class='ocrx_word' id='word_1_2' title='bbox 1373 99 1414 147; x_wconf 67' lang='lat' dir='ltr'>lx</span> 
     </span>
    </p>
   </div>
   <div class='ocr_carea' id='block_1_2' title="bbox 97 273 1415 2663">
    <p class='ocr_par' dir='ltr' id='par_1_2' title="bbox 97 273 1415 2663">
     <span class='ocr_line' id='line_1_2' title="bbox 150 273 1410 356; baseline 0.002 -18"><span class='ocrx_word' id='word_1_3' title='bbox 150 274 416 356; x_wconf 68' lang='lat' dir='ltr'>treatencpcapante</span> <span class='ocrx_word' id='word_1_4' title='bbox 443 276 489 354; x_wconf 68' lang='lat' dir='ltr'>fur</span> <span class='ocrx_word' id='word_1_5' title='bbox 518 275 729 356; x_wconf 67' lang='lat' dir='ltr'>protritontiidpe</span> <span class='ocrx_word' id='word_1_6' title='bbox 752 273 902 355; x_wconf 62' lang='lat' dir='ltr'>Zbeotogie</span> <span class='ocrx_word' id='word_1_7' title='bbox 928 283 984 338; x_wconf 83' lang='lat' dir='ltr'>unt</span> <span class='ocrx_word' id='word_1_8' title='bbox 1007 275 1099 354; x_wconf 70' lang='lat' dir='ltr'>attae</span> <span class='ocrx_word' id='word_1_9' title='bbox 1120 278 1176 339; x_wconf 66' lang='lat' dir='ltr'>aa.</span> <span class='ocrx_word' id='word_1_10' title='bbox 1202 273 1262 336; x_wconf 78' lang='lat' dir='ltr'>llll</span> <span class='ocrx_word' id='word_1_11' title='bbox 1285 296 1315 355; x_wconf 91' lang='lat' dir='ltr'>p.</span> <span class='ocrx_word' id='word_1_12' title='bbox 1341 282 1410 341; x_wconf 85' lang='grc'><strong>314.</strong></span> 
     </span>
     <span class='ocr_line' id='line_1_3' title="bbox 150 405 1413 488; baseline 0.004 -18"><span class='ocrx_word' id='word_1_13' title='bbox 150 407 293 472; x_wconf 82' lang='lat' dir='ltr'>Fabulae</span> <span class='ocrx_word' id='word_1_14' title='bbox 315 427 398 488; x_wconf 90' lang='lat' dir='ltr'>quae</span> <span class='ocrx_word' id='word_1_15' title='bbox 420 406 453 469; x_wconf 92' lang='lat' dir='ltr'>in</span> <span class='ocrx_word' id='word_1_16' title='bbox 476 426 513 469; x_wconf 93' lang='lat' dir='ltr'>eo</span> <span class='ocrx_word' id='word_1_17' title='bbox 536 412 768 487; x_wconf 81' lang='lat' dir='ltr'>expromuntur</span> <span class='ocrx_word' id='word_1_18' title='bbox 789 406 871 470; x_wconf 89' lang='lat' dir='ltr'>aliae</span> <span class='ocrx_word' id='word_1_19' title='bbox 894 405 1021 488; x_wconf 92' lang='lat' dir='ltr'>quidem</span> <span class='ocrx_word' id='word_1_20' title='bbox 1043 406 1139 469; x_wconf 91' lang='lat' dir='ltr'>etiam</span> <span class='ocrx_word' id='word_1_21' title='bbox 1164 408 1235 472; x_wconf 86' lang='lat' dir='ltr'>aliis</span> <span class='ocrx_word' id='word_1_22' title='bbox 1262 411 1296 472; x_wconf 94' lang='lat' dir='ltr'>in</span> <span class='ocrx_word' id='word_1_23' title='bbox 1323 411 1413 475; x_wconf 89' lang='lat' dir='ltr'>libris</span> 
     </span>
     <span class='ocr_line' id='line_1_4' title="bbox 149 541 1415 626; baseline 0.003 -20"><span class='ocrx_word' id='word_1_24' title='bbox 149 549 217 606; x_wconf 90' lang='lat' dir='ltr'>tam</span> <span class='ocrx_word' id='word_1_25' title='bbox 236 541 381 606; x_wconf 84' lang='lat' dir='ltr'>Judaiois</span> <span class='ocrx_word' id='word_1_26' title='bbox 403 562 499 622; x_wconf 92' lang='lat' dir='ltr'>quam</span> <span class='ocrx_word' id='word_1_27' title='bbox 514 541 705 605; x_wconf 78' lang='lat' dir='ltr'>Christianis</span> <span class='ocrx_word' id='word_1_28' title='bbox 728 541 778 624; x_wconf 89' lang='lat' dir='ltr'>(ut</span> <span class='ocrx_word' id='word_1_29' title='bbox 799 542 833 604; x_wconf 95' lang='lat' dir='ltr'>in</span> <span class='ocrx_word' id='word_1_30' title='bbox 856 546 874 604; x_wconf 86' lang='lat'><strong>2</strong></span> <span class='ocrx_word' id='word_1_31' title='bbox 891 541 989 606; x_wconf 88' lang='lat' dir='ltr'>Maec.</span> <span class='ocrx_word' id='word_1_32' title='bbox 1006 545 1039 619; x_wconf 86' lang='lat'>2,</span> <span class='ocrx_word' id='word_1_33' title='bbox 1062 541 1196 605; x_wconf 84' lang='lat' dir='ltr'><strong>maxime</strong></span> <span class='ocrx_word' id='word_1_34' title='bbox 1218 543 1252 606; x_wconf 91' lang='lat' dir='ltr'>in</span> <span class='ocrx_word' id='word_1_35' title='bbox 1267 545 1415 626; x_wconf 83' lang='lat' dir='ltr'>Epistola</span> 
     </span>
     <span class='ocr_line' id='line_1_5' title="bbox 97 676 1414 761; baseline 0.005 -21"><span class='ocrx_word' id='word_1_36' title='bbox 97 735 99 740; x_wconf 81' lang='grc'>,</span> <span class='ocrx_word' id='word_1_37' title='bbox 151 678 208 742; x_wconf 89' lang='lat' dir='ltr'>illa</span> <span class='ocrx_word' id='word_1_38' title='bbox 230 678 371 743; x_wconf 81' lang='lat' dir='ltr'>Raruohi</span> <span class='ocrx_word' id='word_1_39' title='bbox 391 678 576 761; x_wconf 84' lang='lat' dir='ltr'>apocrypha</span> <span class='ocrx_word' id='word_1_40' title='bbox 598 698 680 759; x_wconf 89' lang='lat' dir='ltr'>quae</span> <span class='ocrx_word' id='word_1_41' title='bbox 703 676 831 760; x_wconf 80' lang='lat' dir='ltr'>Syriaca</span> <span class='ocrx_word' id='word_1_42' title='bbox 858 678 892 740; x_wconf 93' lang='lat' dir='ltr'>in</span> <span class='ocrx_word' id='word_1_43' title='bbox 914 677 1104 761; x_wconf 88' lang='lat' dir='ltr'>Polyglottis</span> <span class='ocrx_word' id='word_1_44' title='bbox 1127 678 1359 746; x_wconf 90' lang='lat' dir='ltr'>Parisiensibus</span> <span class='ocrx_word' id='word_1_45' title='bbox 1381 688 1414 746; x_wconf 89' lang='lat' dir='ltr'>et</span> 
     </span>
     <span class='ocr_line' id='line_1_6' title="bbox 151 813 1413 899; baseline 0.004 -22"><span class='ocrx_word' id='word_1_46' title='bbox 151 814 408 879; x_wconf 88' lang='lat' dir='ltr'>Londinensibus</span> <span class='ocrx_word' id='word_1_47' title='bbox 431 814 517 878; x_wconf 92' lang='lat' dir='ltr'>edita</span> <span class='ocrx_word' id='word_1_48' title='bbox 539 814 600 895; x_wconf 90' lang='lat' dir='ltr'>est)</span> <span class='ocrx_word' id='word_1_49' title='bbox 624 834 817 895; x_wconf 88' lang='lat' dir='ltr'>quamquam</span> <span class='ocrx_word' id='word_1_50' title='bbox 840 835 903 877; x_wconf 90' lang='lat' dir='ltr'>non</span> <span class='ocrx_word' id='word_1_51' title='bbox 925 813 1021 896; x_wconf 91' lang='lat' dir='ltr'>plane</span> <span class='ocrx_word' id='word_1_52' title='bbox 1044 814 1172 878; x_wconf 91' lang='lat' dir='ltr'>eaedem</span> <span class='ocrx_word' id='word_1_53' title='bbox 1194 815 1413 899; x_wconf 72' lang='lat' dir='ltr'>inveniuntur,</span> 
     </span>
     <span class='ocr_line' id='line_1_7' title="bbox 149 948 1412 1052; baseline 0.004 -37"><span class='ocrx_word' id='word_1_54' title='bbox 149 953 232 1016; x_wconf 89' lang='lat' dir='ltr'>aliae</span> <span class='ocrx_word' id='word_1_55' title='bbox 262 954 317 1034; x_wconf 91' lang='lat' dir='ltr'>(ut</span> <span class='ocrx_word' id='word_1_56' title='bbox 346 950 588 1052; x_wconf 81' lang='lat' dir='ltr'>narratiuncula</span> <span class='ocrx_word' id='word_1_57' title='bbox 615 948 654 1013; x_wconf 89' lang='lat' dir='ltr'>de</span> <span class='ocrx_word' id='word_1_58' title='bbox 683 949 913 1034; x_wconf 80' lang='lat' dir='ltr'>Ebedmeleoh)</span> <span class='ocrx_word' id='word_1_59' title='bbox 941 950 1119 1031; x_wconf 80' lang='lat' dir='ltr'>singulares</span> <span class='ocrx_word' id='word_1_60' title='bbox 1148 951 1308 1033; x_wconf 66' lang='lat' dir='ltr'>videntum</span> <span class='ocrx_word' id='word_1_61' title='bbox 1340 977 1412 1037; x_wconf 90' lang='lat' dir='ltr'>per-</span> 
     </span>
     <span class='ocr_line' id='line_1_8' title="bbox 148 1085 1413 1170; baseline 0.005 -19"><span class='ocrx_word' id='word_1_62' title='bbox 148 1088 251 1153; x_wconf 90' lang='lat' dir='ltr'>multa</span> <span class='ocrx_word' id='word_1_63' title='bbox 273 1093 382 1152; x_wconf 89' lang='lat' dir='ltr'>autem</span> <span class='ocrx_word' id='word_1_64' title='bbox 404 1107 487 1168; x_wconf 91' lang='lat' dir='ltr'>quae</span> <span class='ocrx_word' id='word_1_65' title='bbox 509 1085 553 1150; x_wconf 94' lang='lat' dir='ltr'>ihi</span> <span class='ocrx_word' id='word_1_66' title='bbox 575 1085 783 1169; x_wconf 81' lang='lat' dir='ltr'>perhibentur</span> <span class='ocrx_word' id='word_1_67' title='bbox 806 1089 868 1170; x_wconf 85' lang='lat' dir='ltr'>(ex.</span> <span class='ocrx_word' id='word_1_68' title='bbox 891 1107 936 1168; x_wconf 86' lang='lat' dir='ltr'>gr.</span> <span class='ocrx_word' id='word_1_69' title='bbox 964 1086 1003 1150; x_wconf 91' lang='lat' dir='ltr'>de</span> <span class='ocrx_word' id='word_1_70' title='bbox 1025 1087 1172 1152; x_wconf 90' lang='lat' dir='ltr'>Barucho</span> <span class='ocrx_word' id='word_1_71' title='bbox 1195 1089 1229 1151; x_wconf 91' lang='lat' dir='ltr'>in</span> <span class='ocrx_word' id='word_1_72' title='bbox 1251 1089 1413 1156; x_wconf 81' lang='lat' dir='ltr'>vicinitate</span> 
     </span>
     <span class='ocr_line' id='line_1_9' title="bbox 148 1222 1412 1308; baseline 0.002 -20"><span class='ocrx_word' id='word_1_73' title='bbox 148 1224 441 1308; x_wconf 85' lang='lat' dir='ltr'>Hierosolymorum</span> <span class='ocrx_word' id='word_1_74' title='bbox 464 1230 497 1287; x_wconf 90' lang='lat' dir='ltr'>et</span> <span class='ocrx_word' id='word_1_75' title='bbox 517 1222 656 1287; x_wconf 85' lang='lat' dir='ltr'>Jeremia</span> <span class='ocrx_word' id='word_1_76' title='bbox 677 1223 711 1286; x_wconf 93' lang='lat' dir='ltr'>in</span> <span class='ocrx_word' id='word_1_77' title='bbox 733 1222 911 1307; x_wconf 88' lang='lat' dir='ltr'>Babylonia</span> <span class='ocrx_word' id='word_1_78' title='bbox 935 1244 994 1305; x_wconf 92' lang='lat' dir='ltr'>per</span> <span class='ocrx_word' id='word_1_79' title='bbox 1020 1229 1124 1288; x_wconf 90' lang='lat' dir='ltr'>totum</span> <span class='ocrx_word' id='word_1_80' title='bbox 1151 1226 1254 1288; x_wconf 86' lang='lat' dir='ltr'>exsilii</span> <span class='ocrx_word' id='word_1_81' title='bbox 1276 1227 1412 1308; x_wconf 91' lang='lat' dir='ltr'>Babylo-</span> 
     </span>
     <span class='ocr_line' id='line_1_10' title="bbox 148 1357 1412 1442; baseline 0.002 -18"><span class='ocrx_word' id='word_1_82' title='bbox 148 1362 210 1424; x_wconf 90' lang='lat' dir='ltr'>nici</span> <span class='ocrx_word' id='word_1_83' title='bbox 232 1367 359 1442; x_wconf 91' lang='lat' dir='ltr'>tempus</span> <span class='ocrx_word' id='word_1_84' title='bbox 381 1359 568 1441; x_wconf 87' lang='lat' dir='ltr'>superstite,</span> <span class='ocrx_word' id='word_1_85' title='bbox 597 1358 637 1422; x_wconf 93' lang='lat' dir='ltr'>de</span> <span class='ocrx_word' id='word_1_86' title='bbox 658 1357 796 1422; x_wconf 86' lang='lat' dir='ltr'>Jeremia</span> <span class='ocrx_word' id='word_1_87' title='bbox 818 1379 890 1422; x_wconf 89' lang='lat' dir='ltr'>oum</span> <span class='ocrx_word' id='word_1_88' title='bbox 912 1358 1075 1423; x_wconf 86' lang='lat' dir='ltr'>exsulibus</span> <span class='ocrx_word' id='word_1_89' title='bbox 1097 1361 1131 1423; x_wconf 93' lang='lat' dir='ltr'>in</span> <span class='ocrx_word' id='word_1_90' title='bbox 1153 1362 1291 1442; x_wconf 86' lang='lat' dir='ltr'>patriam</span> <span class='ocrx_word' id='word_1_91' title='bbox 1322 1363 1412 1426; x_wconf 89' lang='lat' dir='ltr'>rede-</span> 
     </span>
     <span class='ocr_line' id='line_1_11' title="bbox 148 1493 1412 1579; baseline 0.002 -21"><span class='ocrx_word' id='word_1_92' title='bbox 148 1501 226 1559; x_wconf 85' lang='lat' dir='ltr'>unte</span> <span class='ocrx_word' id='word_1_93' title='bbox 258 1501 291 1559; x_wconf 91' lang='lat' dir='ltr'>et</span> <span class='ocrx_word' id='word_1_94' title='bbox 323 1493 484 1558; x_wconf 90' lang='lat' dir='ltr'>connubia</span> <span class='ocrx_word' id='word_1_95' title='bbox 511 1493 706 1557; x_wconf 77' lang='lat' dir='ltr'>ludaeorum</span> <span class='ocrx_word' id='word_1_96' title='bbox 740 1515 811 1557; x_wconf 92' lang='lat' dir='ltr'>cum</span> <span class='ocrx_word' id='word_1_97' title='bbox 843 1495 1019 1576; x_wconf 84' lang='lat' dir='ltr'>peregrinis</span> <span class='ocrx_word' id='word_1_98' title='bbox 1049 1495 1165 1579; x_wconf 87' lang='lat' dir='ltr'>juncta</span> <span class='ocrx_word' id='word_1_99' title='bbox 1196 1496 1412 1578; x_wconf 84' lang='lat' dir='ltr'>impugnante,</span> 
     </span>
     <span class='ocr_line' id='line_1_12' title="bbox 147 1627 1412 1714; baseline 0.002 -20"><span class='ocrx_word' id='word_1_100' title='bbox 147 1631 285 1712; x_wconf 88' lang='lat' dir='ltr'>denique</span> <span class='ocrx_word' id='word_1_101' title='bbox 308 1629 497 1712; x_wconf 88' lang='lat' dir='ltr'>martyrium</span> <span class='ocrx_word' id='word_1_102' title='bbox 518 1629 551 1692; x_wconf 95' lang='lat' dir='ltr'>in</span> <span class='ocrx_word' id='word_1_103' title='bbox 575 1627 758 1692; x_wconf 88' lang='lat' dir='ltr'>Palaestina</span> <span class='ocrx_word' id='word_1_104' title='bbox 779 1628 951 1708; x_wconf 83' lang='lat' dir='ltr'>subeunte,</span> <span class='ocrx_word' id='word_1_105' title='bbox 974 1629 1014 1694; x_wconf 90' lang='lat' dir='ltr'>de</span> <span class='ocrx_word' id='word_1_106' title='bbox 1029 1630 1259 1695; x_wconf 84' lang='lat' dir='ltr'>Samaritarum</span> <span class='ocrx_word' id='word_1_107' title='bbox 1282 1633 1412 1714; x_wconf 86' lang='lat' dir='ltr'>origine,</span> 
     </span>
     <span class='ocr_line' id='line_1_13' title="bbox 146 1764 1413 1850; baseline 0.002 -20"><span class='ocrx_word' id='word_1_108' title='bbox 146 1767 201 1850; x_wconf 85' lang='lat' dir='ltr'>al.)</span> <span class='ocrx_word' id='word_1_109' title='bbox 225 1765 357 1830; x_wconf 87' lang='lat' dir='ltr'>veritati</span> <span class='ocrx_word' id='word_1_110' title='bbox 379 1764 550 1829; x_wconf 83' lang='lat' dir='ltr'>historicae</span> <span class='ocrx_word' id='word_1_111' title='bbox 571 1769 639 1827; x_wconf 90' lang='lat' dir='ltr'>tam</span> <span class='ocrx_word' id='word_1_112' title='bbox 661 1764 863 1828; x_wconf 90' lang='lat' dir='ltr'>vehementer</span> <span class='ocrx_word' id='word_1_113' title='bbox 887 1770 1083 1846; x_wconf 87' lang='lat' dir='ltr'>repugnant,</span> <span class='ocrx_word' id='word_1_114' title='bbox 1106 1788 1128 1830; x_wconf 93' lang='lat' dir='ltr'>u</span> <span class='ocrx_word' id='word_1_115' title='bbox 1165 1773 1327 1831; x_wconf 87' lang='lat' dir='ltr'>auctorem</span> <span class='ocrx_word' id='word_1_116' title='bbox 1349 1790 1413 1832; x_wconf 92' lang='lat' dir='ltr'>non</span> 
     </span>
     <span class='ocr_line' id='line_1_14' title="bbox 147 1899 1413 1985; baseline 0.002 -21"><span class='ocrx_word' id='word_1_117' title='bbox 147 1902 305 1983; x_wconf 87' lang='lat' dir='ltr'>possimus</span> <span class='ocrx_word' id='word_1_118' title='bbox 328 1921 392 1964; x_wconf 92' lang='lat' dir='ltr'>non</span> <span class='ocrx_word' id='word_1_119' title='bbox 414 1899 569 1982; x_wconf 89' lang='lat' dir='ltr'>suspicari</span> <span class='ocrx_word' id='word_1_120' title='bbox 591 1899 678 1962; x_wconf 82' lang='lat' dir='ltr'>satis</span> <span class='ocrx_word' id='word_1_121' title='bbox 692 1899 804 1963; x_wconf 89' lang='lat' dir='ltr'>rudem</span> <span class='ocrx_word' id='word_1_122' title='bbox 826 1905 858 1963; x_wconf 94' lang='lat' dir='ltr'>et</span> <span class='ocrx_word' id='word_1_123' title='bbox 879 1906 1127 1963; x_wconf 89' lang='lat' dir='ltr'>commentorum</span> <span class='ocrx_word' id='word_1_124' title='bbox 1143 1922 1297 1965; x_wconf 91' lang='lat' dir='ltr'>vanorum</span> <span class='ocrx_word' id='word_1_125' title='bbox 1312 1905 1413 1985; x_wconf 88' lang='lat' dir='ltr'>magis</span> 
     </span>
     <span class='ocr_line' id='line_1_15' title="bbox 147 2034 1412 2117; baseline 0.002 -19"><span class='ocrx_word' id='word_1_126' title='bbox 147 2057 245 2117; x_wconf 92' lang='lat' dir='ltr'>quam</span> <span class='ocrx_word' id='word_1_127' title='bbox 277 2056 385 2099; x_wconf 91' lang='lat' dir='ltr'>rerum</span> <span class='ocrx_word' id='word_1_128' title='bbox 418 2056 580 2099; x_wconf 89' lang='lat' dir='ltr'>sacrarum</span> <span class='ocrx_word' id='word_1_129' title='bbox 612 2036 760 2116; x_wconf 89' lang='lat' dir='ltr'>peritum.</span> <span class='ocrx_word' id='word_1_130' title='bbox 816 2035 898 2097; x_wconf 86' lang='lat' dir='ltr'>Eum</span> <span class='ocrx_word' id='word_1_131' title='bbox 925 2034 1042 2098; x_wconf 87' lang='lat' dir='ltr'>Christi</span> <span class='ocrx_word' id='word_1_132' title='bbox 1075 2035 1220 2116; x_wconf 90' lang='lat' dir='ltr'>religioni</span> <span class='ocrx_word' id='word_1_133' title='bbox 1249 2036 1412 2100; x_wconf 90' lang='lat' dir='ltr'>addictum</span> 
     </span>
     <span class='ocr_line' id='line_1_16' title="bbox 146 2170 1411 2253; baseline 0.002 -20"><span class='ocrx_word' id='word_1_134' title='bbox 146 2170 245 2235; x_wconf 88' lang='lat' dir='ltr'>fuisse</span> <span class='ocrx_word' id='word_1_135' title='bbox 267 2191 331 2234; x_wconf 92' lang='lat' dir='ltr'>non</span> <span class='ocrx_word' id='word_1_136' title='bbox 354 2177 402 2235; x_wconf 91' lang='lat' dir='ltr'>est</span> <span class='ocrx_word' id='word_1_137' title='bbox 425 2171 509 2253; x_wconf 91' lang='lat' dir='ltr'>quod</span> <span class='ocrx_word' id='word_1_138' title='bbox 532 2171 660 2234; x_wconf 89' lang='lat' dir='ltr'>uberius</span> <span class='ocrx_word' id='word_1_139' title='bbox 682 2191 888 2252; x_wconf 86' lang='lat' dir='ltr'>exponamus.</span> <span class='ocrx_word' id='word_1_140' title='bbox 933 2170 1040 2233; x_wconf 87' lang='lat' dir='ltr'>Etiam</span> <span class='ocrx_word' id='word_1_141' title='bbox 1063 2170 1140 2252; x_wconf 91' lang='lat' dir='ltr'>quid</span> <span class='ocrx_word' id='word_1_142' title='bbox 1162 2171 1195 2234; x_wconf 94' lang='lat' dir='ltr'>in</span> <span class='ocrx_word' id='word_1_143' title='bbox 1217 2170 1326 2236; x_wconf 92' lang='lat' dir='ltr'>libello</span> <span class='ocrx_word' id='word_1_144' title='bbox 1354 2193 1411 2236; x_wconf 93' lang='lat' dir='ltr'>suo</span> 
     </span>
     <span class='ocr_line' id='line_1_17' title="bbox 147 2305 1412 2389; baseline 0.002 -19"><span class='ocrx_word' id='word_1_145' title='bbox 147 2305 347 2388; x_wconf 91' lang='lat' dir='ltr'>compilando</span> <span class='ocrx_word' id='word_1_146' title='bbox 371 2307 431 2369; x_wconf 86' lang='lat' dir='ltr'>sibi</span> <span class='ocrx_word' id='word_1_147' title='bbox 457 2307 674 2389; x_wconf 89' lang='lat' dir='ltr'>proposuerit,</span> <span class='ocrx_word' id='word_1_148' title='bbox 706 2305 793 2369; x_wconf 92' lang='lat' dir='ltr'>haud</span> <span class='ocrx_word' id='word_1_149' title='bbox 819 2305 950 2369; x_wconf 89' lang='lat' dir='ltr'>dubium</span> <span class='ocrx_word' id='word_1_150' title='bbox 976 2306 1110 2370; x_wconf 88' lang='lat' dir='ltr'>videtur.</span> <span class='ocrx_word' id='word_1_151' title='bbox 1161 2307 1242 2371; x_wconf 89' lang='lat' dir='ltr'>Nam</span> <span class='ocrx_word' id='word_1_152' title='bbox 1269 2309 1352 2372; x_wconf 88' lang='lat' dir='ltr'>sicut</span> <span class='ocrx_word' id='word_1_153' title='bbox 1379 2310 1412 2372; x_wconf 94' lang='lat' dir='ltr'>in</span> 
     </span>
     <span class='ocr_line' id='line_1_18' title="bbox 147 2441 1412 2526; baseline 0.001 -19"><span class='ocrx_word' id='word_1_154' title='bbox 147 2443 283 2523; x_wconf 89' lang='lat' dir='ltr'>antiqua</span> <span class='ocrx_word' id='word_1_155' title='bbox 309 2441 442 2506; x_wconf 89' lang='lat' dir='ltr'>ecclesia</span> <span class='ocrx_word' id='word_1_156' title='bbox 470 2441 579 2506; x_wconf 91' lang='lat' dir='ltr'>multis</span> <span class='ocrx_word' id='word_1_157' title='bbox 602 2441 726 2506; x_wconf 84' lang='lat' dir='ltr'>Veteris</span> <span class='ocrx_word' id='word_1_158' title='bbox 753 2442 950 2505; x_wconf 88' lang='lat' dir='ltr'>Testamenti</span> <span class='ocrx_word' id='word_1_159' title='bbox 979 2442 1054 2505; x_wconf 88' lang='lat' dir='ltr'>viris</span> <span class='ocrx_word' id='word_1_160' title='bbox 1081 2447 1114 2506; x_wconf 93' lang='lat' dir='ltr'>et</span> <span class='ocrx_word' id='word_1_161' title='bbox 1140 2443 1266 2508; x_wconf 85' lang='lat' dir='ltr'>vatibus</span> <span class='ocrx_word' id='word_1_162' title='bbox 1292 2445 1412 2526; x_wconf 89' lang='lat' dir='ltr'>scripta</span> 
     </span>
     <span class='ocr_line' id='line_1_19' title="bbox 146 2576 1410 2663; baseline 0.002 -22"><span class='ocrx_word' id='word_1_163' title='bbox 146 2577 426 2660; x_wconf 87' lang='lat' dir='ltr'>pseudepigrapha</span> <span class='ocrx_word' id='word_1_164' title='bbox 457 2578 721 2659; x_wconf 86' lang='lat' dir='ltr'>supponebantur</span> <span class='ocrx_word' id='word_1_165' title='bbox 754 2576 835 2660; x_wconf 85' lang='lat' dir='ltr'>(vid.</span> <span class='ocrx_word' id='word_1_166' title='bbox 864 2576 990 2658; x_wconf 86' lang='lat' dir='ltr'>Herzog</span> <span class='ocrx_word' id='word_1_167' title='bbox 1021 2577 1042 2640; x_wconf 86' lang='lat' dir='ltr'>l.</span> <span class='ocrx_word' id='word_1_168' title='bbox 1070 2599 1095 2641; x_wconf 91' lang='lat' dir='ltr'>c.</span> <span class='ocrx_word' id='word_1_169' title='bbox 1123 2599 1154 2659; x_wconf 93' lang='lat' dir='ltr'>p.</span> <span class='ocrx_word' id='word_1_170' title='bbox 1184 2584 1244 2643; x_wconf 85' lang='lat'>312</span> <span class='ocrx_word' id='word_1_171' title='bbox 1263 2618 1301 2627; x_wconf 90' lang='lat'><em>-</em></span> <span class='ocrx_word' id='word_1_172' title='bbox 1320 2582 1410 2663; x_wconf 88' lang='grc'>319),</span> 
     </span>
    </p>
   </div>
   <div class='ocr_carea' id='block_1_3' title="bbox 146 2711 1412 2823">
    <p class='ocr_par' dir='ltr' id='par_1_3' title="bbox 146 2711 1412 2823">
     <span class='ocr_line' id='line_1_20' title="bbox 146 2711 1412 2796; baseline 0 -19"><span class='ocrx_word' id='word_1_173' title='bbox 146 2715 262 2796; x_wconf 89' lang='lat' dir='ltr'>quibus</span> <span class='ocrx_word' id='word_1_174' title='bbox 285 2714 350 2777; x_wconf 91' lang='lat' dir='ltr'>sive</span> <span class='ocrx_word' id='word_1_175' title='bbox 373 2713 524 2795; x_wconf 86' lang='lat' dir='ltr'>dogmata</span> <span class='ocrx_word' id='word_1_176' title='bbox 546 2714 610 2777; x_wconf 82' lang='lat' dir='ltr'>sive</span> <span class='ocrx_word' id='word_1_177' title='bbox 632 2717 812 2777; x_wconf 91' lang='lat' dir='ltr'>commenta</span> <span class='ocrx_word' id='word_1_178' title='bbox 833 2711 990 2776; x_wconf 88' lang='lat' dir='ltr'>inferioris</span> <span class='ocrx_word' id='word_1_179' title='bbox 1012 2713 1127 2777; x_wconf 88' lang='lat' dir='ltr'>aetatis</span> <span class='ocrx_word' id='word_1_180' title='bbox 1147 2712 1412 2777; x_wconf 86' lang='lat' dir='ltr'>confirmarentur</span> 
     </span>
     <span class='ocr_line' id='line_1_21' title="bbox 582 2802 592 2823; baseline 0 0"><span class='ocrx_word' id='word_1_181' title='bbox 582 2802 592 2823; x_wconf 65' lang='lat'><em>0</em></span> 
     </span>
    </p>
   </div>
   <div class='ocr_carea' id='block_1_4' title="bbox 146 2966 1412 3321">
    <p class='ocr_par' dir='ltr' id='par_1_4' title="bbox 146 2966 1412 3321">
     <span class='ocr_line' id='line_1_22' title="bbox 146 2966 1410 3054; baseline -0.009 -6"><span class='ocrx_word' id='word_1_182' title='bbox 146 2968 682 3054; x_wconf 51' lang='lat' dir='ltr'>hddhdldnfflbffwffht&#39;ss&#39;ss</span> <span class='ocrx_word' id='word_1_183' title='bbox 703 2985 723 3027; x_wconf 76' lang='lat' dir='ltr'>a</span> <span class='ocrx_word' id='word_1_184' title='bbox 743 2967 1134 3047; x_wconf 58' lang='lat' dir='ltr'>mssh&#39;ldll&#39;ssfflflh</span> <span class='ocrx_word' id='word_1_185' title='bbox 1151 2966 1334 3039; x_wconf 54' lang='lat' dir='ltr'>teano*</span> <span class='ocrx_word' id='word_1_186' title='bbox 1348 2967 1410 3038; x_wconf 59' lang='grc' dir='ltr'>ἠὺ</span> 
     </span>
     <span class='ocr_line' id='line_1_23' title="bbox 146 3102 1408 3185; baseline -0.009 0"><span class='ocrx_word' id='word_1_187' title='bbox 146 3114 190 3185; x_wconf 64' lang='lat'>52</span> <span class='ocrx_word' id='word_1_188' title='bbox 205 3107 507 3183; x_wconf 61' lang='lat' dir='ltr'>=w⁰¹rbt¹=hbb=</span> <span class='ocrx_word' id='word_1_189' title='bbox 519 3105 649 3181; x_wconf 67' lang='lat' dir='ltr'>ow</span> <span class='ocrx_word' id='word_1_190' title='bbox 663 3126 673 3163; x_wconf 72' lang='lat'><em>²</em></span> <span class='ocrx_word' id='word_1_191' title='bbox 686 3106 804 3179; x_wconf 75' lang='lat' dir='ltr'>moth</span> <span class='ocrx_word' id='word_1_192' title='bbox 817 3125 827 3163; x_wconf 84' lang='lat'><em>=</em></span> <span class='ocrx_word' id='word_1_193' title='bbox 842 3106 1026 3178; x_wconf 55' lang='lat' dir='ltr'>mmm»-</span> <span class='ocrx_word' id='word_1_194' title='bbox 1041 3123 1051 3160; x_wconf 73' lang='lat'>²</span> <span class='ocrx_word' id='word_1_195' title='bbox 1064 3102 1149 3177; x_wconf 79' lang='lat' dir='ltr'>hbh</span> <span class='ocrx_word' id='word_1_196' title='bbox 1163 3122 1173 3160; x_wconf 79' lang='lat'><strong>³</strong></span> <span class='ocrx_word' id='word_1_197' title='bbox 1187 3104 1408 3176; x_wconf 60' lang='lat' dir='ltr'>stadum</span> 
     </span>
     <span class='ocr_line' id='line_1_24' title="bbox 147 3240 1412 3321; baseline -0.005 -21"><span class='ocrx_word' id='word_1_198' title='bbox 147 3245 253 3321; x_wconf 52' lang='lat' dir='ltr'>finon</span> <span class='ocrx_word' id='word_1_199' title='bbox 263 3245 387 3321; x_wconf 64' lang='lat' dir='ltr'>amm</span> <span class='ocrx_word' id='word_1_200' title='bbox 398 3266 407 3302; x_wconf 69' lang='grc' dir='ltr'><strong><em>ε</em></strong></span> <span class='ocrx_word' id='word_1_201' title='bbox 415 3244 513 3320; x_wconf 61' lang='lat' dir='ltr'>gons</span> <span class='ocrx_word' id='word_1_202' title='bbox 523 3243 773 3320; x_wconf 51' lang='grc' dir='ltr'>Ίῇὠιωιῂψ</span> <span class='ocrx_word' id='word_1_203' title='bbox 785 3261 795 3299; x_wconf 85' lang='grc' dir='ltr'>ι</span> <span class='ocrx_word' id='word_1_204' title='bbox 809 3244 916 3317; x_wconf 64' lang='lat' dir='ltr'>ffizr</span> <span class='ocrx_word' id='word_1_205' title='bbox 943 3240 959 3293; x_wconf 93' lang='lat' dir='ltr'>i.</span> <span class='ocrx_word' id='word_1_206' title='bbox 979 3259 1001 3294; x_wconf 90' lang='lat' dir='ltr'>e.</span> <span class='ocrx_word' id='word_1_207' title='bbox 1022 3241 1170 3309; x_wconf 78' lang='lat' dir='ltr'>Prophetis</span> <span class='ocrx_word' id='word_1_208' title='bbox 1187 3240 1205 3293; x_wconf 88' lang='lat' dir='ltr'><strong>J</strong></span> <span class='ocrx_word' id='word_1_209' title='bbox 1207 3242 1330 3294; x_wconf 86' lang='lat' dir='ltr'>eremiae.</span> <span class='ocrx_word' id='word_1_210' title='bbox 1373 3243 1412 3294; x_wconf 82' lang='lat' dir='ltr'>Et</span> 
     </span>
    </p>
   </div>
   <div class='ocr_carea' id='block_1_5' title="bbox 146 3363 1410 3431">
    <p class='ocr_par' dir='ltr' id='par_1_5' title="bbox 146 3363 1410 3431">
     <span class='ocr_line' id='line_1_25' title="bbox 146 3363 1410 3431; baseline -0.005 -9"><span class='ocrx_word' id='word_1_211' title='bbox 146 3368 215 3422; x_wconf 82' lang='lat' dir='ltr'>dixit</span> <span class='ocrx_word' id='word_1_212' title='bbox 233 3368 367 3422; x_wconf 83' lang='lat' dir='ltr'>Jeremias</span> <span class='ocrx_word' id='word_1_213' title='bbox 385 3367 420 3419; x_wconf 87' lang='lat' dir='ltr'>ad</span> <span class='ocrx_word' id='word_1_214' title='bbox 437 3365 559 3420; x_wconf 86' lang='lat' dir='ltr'>Paschur</span> <span class='ocrx_word' id='word_1_215' title='bbox 578 3366 628 3418; x_wconf 92' lang='lat' dir='ltr'>ita:</span> <span class='ocrx_word' id='word_1_216' title='bbox 647 3382 696 3419; x_wconf 87' lang='lat' dir='ltr'>vos</span> <span class='ocrx_word' id='word_1_217' title='bbox 715 3367 806 3417; x_wconf 84' lang='lat' dir='ltr'>autem</span> <span class='ocrx_word' id='word_1_218' title='bbox 825 3363 951 3418; x_wconf 91' lang='lat' dir='ltr'>omnibus</span> <span class='ocrx_word' id='word_1_219' title='bbox 971 3363 1067 3416; x_wconf 86' lang='lat' dir='ltr'>diebus</span> <span class='ocrx_word' id='word_1_220' title='bbox 1080 3363 1179 3416; x_wconf 84' lang='lat' dir='ltr'>vestris</span> <span class='ocrx_word' id='word_1_221' title='bbox 1193 3363 1353 3431; x_wconf 86' lang='lat' dir='ltr'>repugnatis</span> <span class='ocrx_word' id='word_1_222' title='bbox 1367 3379 1410 3416; x_wconf 91' lang='lat' dir='ltr'>ve·</span> 
     </span>
    </p>
   </div>
   <div class='ocr_carea' id='block_1_6' title="bbox 143 3467 1412 4276">
    <p class='ocr_par' dir='ltr' id='par_1_6' title="bbox 143 3467 1412 4276">
     <span class='ocr_line' id='line_1_26' title="bbox 147 3467 1411 3540; baseline -0.003 -16"><span class='ocrx_word' id='word_1_223' title='bbox 147 3473 222 3525; x_wconf 87' lang='lat' dir='ltr'>ritati</span> <span class='ocrx_word' id='word_1_224' title='bbox 241 3490 303 3525; x_wconf 89' lang='lat' dir='ltr'>cum</span> <span class='ocrx_word' id='word_1_225' title='bbox 322 3472 446 3540; x_wconf 87' lang='lat' dir='ltr'>patribus</span> <span class='ocrx_word' id='word_1_226' title='bbox 465 3470 564 3524; x_wconf 85' lang='lat' dir='ltr'>vestris</span> <span class='ocrx_word' id='word_1_227' title='bbox 583 3474 611 3523; x_wconf 90' lang='lat' dir='ltr'>et</span> <span class='ocrx_word' id='word_1_228' title='bbox 629 3469 692 3523; x_wconf 85' lang='lat' dir='ltr'>filiis</span> <span class='ocrx_word' id='word_1_229' title='bbox 709 3468 809 3522; x_wconf 85' lang='lat' dir='ltr'>vestris</span> <span class='ocrx_word' id='word_1_230' title='bbox 828 3469 874 3536; x_wconf 90' lang='lat' dir='ltr'>qui</span> <span class='ocrx_word' id='word_1_231' title='bbox 892 3473 958 3536; x_wconf 84' lang='lat' dir='ltr'>post</span> <span class='ocrx_word' id='word_1_232' title='bbox 975 3485 1025 3522; x_wconf 87' lang='lat' dir='ltr'>vos</span> <span class='ocrx_word' id='word_1_233' title='bbox 1043 3467 1152 3521; x_wconf 90' lang='lat' dir='ltr'>venturi</span> <span class='ocrx_word' id='word_1_234' title='bbox 1171 3471 1243 3520; x_wconf 90' lang='lat' dir='ltr'>sunt.</span> <span class='ocrx_word' id='word_1_235' title='bbox 1278 3467 1301 3518; x_wconf 94' lang='lat' dir='ltr'>li</span> <span class='ocrx_word' id='word_1_236' title='bbox 1319 3471 1411 3520; x_wconf 86' lang='lat' dir='ltr'>autem</span> 
     </span>
     <span class='ocr_line' id='line_1_27' title="bbox 146 3572 1410 3646; baseline -0.006 -16"><span class='ocrx_word' id='word_1_237' title='bbox 146 3581 291 3645; x_wconf 89' lang='lat' dir='ltr'>peccatum</span> <span class='ocrx_word' id='word_1_238' title='bbox 310 3577 412 3630; x_wconf 81' lang='lat' dir='ltr'>t&#39;acient</span> <span class='ocrx_word' id='word_1_239' title='bbox 429 3577 517 3646; x_wconf 83' lang='lat' dir='ltr'>magis</span> <span class='ocrx_word' id='word_1_240' title='bbox 535 3573 740 3644; x_wconf 89' lang='lat' dir='ltr'>reprobandum</span> <span class='ocrx_word' id='word_1_241' title='bbox 760 3591 842 3641; x_wconf 91' lang='lat' dir='ltr'>quam</span> <span class='ocrx_word' id='word_1_242' title='bbox 860 3590 921 3627; x_wconf 88' lang='lat' dir='ltr'>vos:</span> <span class='ocrx_word' id='word_1_243' title='bbox 945 3573 965 3625; x_wconf 94' lang='lat' dir='ltr'>ii</span> <span class='ocrx_word' id='word_1_244' title='bbox 983 3572 1103 3626; x_wconf 88' lang='lat' dir='ltr'>vendent</span> <span class='ocrx_word' id='word_1_245' title='bbox 1122 3591 1184 3626; x_wconf 90' lang='lat' dir='ltr'>eum</span> <span class='ocrx_word' id='word_1_246' title='bbox 1210 3573 1287 3640; x_wconf 86' lang='lat' dir='ltr'>cujus</span> <span class='ocrx_word' id='word_1_247' title='bbox 1305 3573 1410 3624; x_wconf 91' lang='lat' dir='ltr'>nullum</span> 
     </span>
     <span class='ocr_line' id='line_1_28' title="bbox 147 3677 1412 3750; baseline -0.006 -14"><span class='ocrx_word' id='word_1_248' title='bbox 147 3687 186 3736; x_wconf 90' lang='lat' dir='ltr'>est</span> <span class='ocrx_word' id='word_1_249' title='bbox 206 3682 334 3750; x_wconf 90' lang='lat' dir='ltr'>pretium,</span> <span class='ocrx_word' id='word_1_250' title='bbox 353 3686 381 3734; x_wconf 92' lang='lat' dir='ltr'>et</span> <span class='ocrx_word' id='word_1_251' title='bbox 400 3682 497 3735; x_wconf 90' lang='lat' dir='ltr'>dolore</span> <span class='ocrx_word' id='word_1_252' title='bbox 516 3680 636 3734; x_wconf 87' lang='lat' dir='ltr'>afficient</span> <span class='ocrx_word' id='word_1_253' title='bbox 654 3697 717 3733; x_wconf 90' lang='lat' dir='ltr'>eum</span> <span class='ocrx_word' id='word_1_254' title='bbox 729 3678 776 3745; x_wconf 92' lang='lat' dir='ltr'>qui</span> <span class='ocrx_word' id='word_1_255' title='bbox 790 3678 900 3730; x_wconf 87' lang='lat' dir='ltr'>dolores</span> <span class='ocrx_word' id='word_1_256' title='bbox 919 3682 1061 3730; x_wconf 85' lang='lat' dir='ltr'>sanaturus</span> <span class='ocrx_word' id='word_1_257' title='bbox 1075 3680 1129 3743; x_wconf 91' lang='lat' dir='ltr'>est,</span> <span class='ocrx_word' id='word_1_258' title='bbox 1149 3681 1177 3730; x_wconf 88' lang='lat' dir='ltr'>et</span> <span class='ocrx_word' id='word_1_259' title='bbox 1189 3677 1412 3731; x_wconf 88' lang='lat' dir='ltr'>condemnabunt</span> 
     </span>
     <span class='ocr_line' id='line_1_29' title="bbox 146 3781 1412 3854; baseline -0.007 -14"><span class='ocrx_word' id='word_1_260' title='bbox 146 3805 208 3840; x_wconf 91' lang='lat' dir='ltr'>eum</span> <span class='ocrx_word' id='word_1_261' title='bbox 227 3788 274 3854; x_wconf 93' lang='lat' dir='ltr'>qui</span> <span class='ocrx_word' id='word_1_262' title='bbox 292 3789 437 3854; x_wconf 87' lang='lat' dir='ltr'>peccatum</span> <span class='ocrx_word' id='word_1_263' title='bbox 455 3785 616 3838; x_wconf 88' lang='lat' dir='ltr'>remissurus</span> <span class='ocrx_word' id='word_1_264' title='bbox 635 3789 690 3851; x_wconf 90' lang='lat' dir='ltr'>est,</span> <span class='ocrx_word' id='word_1_265' title='bbox 713 3787 741 3836; x_wconf 90' lang='lat' dir='ltr'>et</span> <span class='ocrx_word' id='word_1_266' title='bbox 759 3784 896 3851; x_wconf 88' lang='lat' dir='ltr'>accipient</span> <span class='ocrx_word' id='word_1_267' title='bbox 913 3782 1028 3851; x_wconf 84' lang='lat' dir='ltr'>triginta</span> <span class='ocrx_word' id='word_1_268' title='bbox 1047 3784 1204 3850; x_wconf 84' lang='lat' dir='ltr'>argenteos,</span> <span class='ocrx_word' id='word_1_269' title='bbox 1225 3781 1343 3846; x_wconf 90' lang='lat' dir='ltr'>pretium</span> <span class='ocrx_word' id='word_1_270' title='bbox 1362 3781 1412 3831; x_wconf 91' lang='lat' dir='ltr'>ho·</span> 
     </span>
     <span class='ocr_line' id='line_1_30' title="bbox 145 3884 1408 3959; baseline -0.009 -14"><span class='ocrx_word' id='word_1_271' title='bbox 145 3893 248 3958; x_wconf 82' lang='lat' dir='ltr'>norati,</span> <span class='ocrx_word' id='word_1_272' title='bbox 274 3908 357 3959; x_wconf 90' lang='lat' dir='ltr'>quem</span> <span class='ocrx_word' id='word_1_273' title='bbox 376 3889 515 3944; x_wconf 88' lang='lat' dir='ltr'>vendituri</span> <span class='ocrx_word' id='word_1_274' title='bbox 534 3892 598 3942; x_wconf 86' lang='lat' dir='ltr'>sunt</span> <span class='ocrx_word' id='word_1_275' title='bbox 616 3888 665 3941; x_wconf 92' lang='lat' dir='ltr'>filii</span> <span class='ocrx_word' id='word_1_276' title='bbox 683 3888 805 3954; x_wconf 75' lang='lat' dir='ltr'>Israelis,</span> <span class='ocrx_word' id='word_1_277' title='bbox 832 3891 860 3940; x_wconf 89' lang='lat' dir='ltr'>et</span> <span class='ocrx_word' id='word_1_278' title='bbox 879 3887 983 3939; x_wconf 89' lang='lat' dir='ltr'>dabunt</span> <span class='ocrx_word' id='word_1_279' title='bbox 1001 3887 1081 3940; x_wconf 90' lang='lat' dir='ltr'>istam</span> <span class='ocrx_word' id='word_1_280' title='bbox 1099 3886 1245 3953; x_wconf 91' lang='lat' dir='ltr'>pecuniam</span> <span class='ocrx_word' id='word_1_281' title='bbox 1263 3884 1292 3936; x_wconf 93' lang='lat' dir='ltr'>in</span> <span class='ocrx_word' id='word_1_282' title='bbox 1311 3901 1408 3951; x_wconf 84' lang='lat' dir='ltr'>agrum</span> 
     </span>
     <span class='ocr_line' id='line_1_31' title="bbox 143 3990 1408 4066; baseline -0.008 -16"><span class='ocrx_word' id='word_1_283' title='bbox 143 3998 227 4066; x_wconf 86' lang='lat' dir='ltr'>figuli.</span> <span class='ocrx_word' id='word_1_284' title='bbox 265 3995 344 4048; x_wconf 86' lang='lat' dir='ltr'>Sicut</span> <span class='ocrx_word' id='word_1_285' title='bbox 365 4012 409 4047; x_wconf 90' lang='lat' dir='ltr'>me</span> <span class='ocrx_word' id='word_1_286' title='bbox 429 3995 511 4063; x_wconf 83' lang='lat' dir='ltr'>jussit</span> <span class='ocrx_word' id='word_1_287' title='bbox 534 3993 681 4060; x_wconf 84' lang='lat' dir='ltr'>Dominus,</span> <span class='ocrx_word' id='word_1_288' title='bbox 706 3994 744 4045; x_wconf 88' lang='lat' dir='ltr'>ita</span> <span class='ocrx_word' id='word_1_289' title='bbox 761 3994 867 4059; x_wconf 88' lang='lat' dir='ltr'>loquor.</span> <span class='ocrx_word' id='word_1_290' title='bbox 904 3993 943 4044; x_wconf 87' lang='lat' dir='ltr'>Et</span> <span class='ocrx_word' id='word_1_291' title='bbox 966 3994 1116 4060; x_wconf 88' lang='lat' dir='ltr'>propterea</span> <span class='ocrx_word' id='word_1_292' title='bbox 1140 3990 1303 4044; x_wconf 86' lang='lat' dir='ltr'>demittetur</span> <span class='ocrx_word' id='word_1_293' title='bbox 1325 4004 1408 4054; x_wconf 88' lang='lat' dir='ltr'>super</span> 
     </span>
     <span class='ocr_line' id='line_1_32' title="bbox 143 4097 1404 4170; baseline -0.006 -14"><span class='ocrx_word' id='word_1_294' title='bbox 143 4119 189 4156; x_wconf 86' lang='lat' dir='ltr'>eos</span> <span class='ocrx_word' id='word_1_295' title='bbox 206 4101 343 4170; x_wconf 89' lang='lat' dir='ltr'>judicium</span> <span class='ocrx_word' id='word_1_296' title='bbox 362 4103 390 4153; x_wconf 92' lang='lat' dir='ltr'>et</span> <span class='ocrx_word' id='word_1_297' title='bbox 408 4099 527 4169; x_wconf 88' lang='lat' dir='ltr'>perditio</span> <span class='ocrx_word' id='word_1_298' title='bbox 547 4115 633 4166; x_wconf 90' lang='lat' dir='ltr'>usque</span> <span class='ocrx_word' id='word_1_299' title='bbox 651 4098 680 4151; x_wconf 91' lang='lat' dir='ltr'>in</span> <span class='ocrx_word' id='word_1_300' title='bbox 699 4100 840 4150; x_wconf 86' lang='lat' dir='ltr'>aeternum</span> <span class='ocrx_word' id='word_1_301' title='bbox 865 4102 893 4151; x_wconf 90' lang='lat' dir='ltr'>et</span> <span class='ocrx_word' id='word_1_302' title='bbox 914 4114 995 4164; x_wconf 90' lang='lat' dir='ltr'>super</span> <span class='ocrx_word' id='word_1_303' title='bbox 1019 4097 1090 4150; x_wconf 86' lang='lat' dir='ltr'>filios</span> <span class='ocrx_word' id='word_1_304' title='bbox 1114 4113 1208 4149; x_wconf 89' lang='lat' dir='ltr'>eorum</span> <span class='ocrx_word' id='word_1_305' title='bbox 1231 4111 1317 4162; x_wconf 87' lang='lat' dir='ltr'>usque</span> <span class='ocrx_word' id='word_1_306' title='bbox 1339 4098 1404 4163; x_wconf 89' lang='lat' dir='ltr'>post</span> 
     </span>
     <span class='ocr_line' id='line_1_33' title="bbox 143 4201 1032 4276; baseline -0.008 -15"><span class='ocrx_word' id='word_1_307' title='bbox 143 4225 204 4274; x_wconf 87' lang='lat' dir='ltr'>eos,</span> <span class='ocrx_word' id='word_1_308' title='bbox 223 4207 289 4276; x_wconf 90' lang='lat' dir='ltr'>quia</span> <span class='ocrx_word' id='word_1_309' title='bbox 308 4205 337 4258; x_wconf 91' lang='lat' dir='ltr'>in</span> <span class='ocrx_word' id='word_1_310' title='bbox 354 4203 459 4272; x_wconf 88' lang='lat' dir='ltr'>judicio</span> <span class='ocrx_word' id='word_1_311' title='bbox 478 4205 639 4274; x_wconf 86' lang='lat' dir='ltr'>sanguinem</span> <span class='ocrx_word' id='word_1_312' title='bbox 658 4202 833 4256; x_wconf 87' lang='lat' dir='ltr'>innocentem</span> <span class='ocrx_word' id='word_1_313' title='bbox 853 4201 1032 4255; x_wconf 85' lang='lat' dir='ltr'>effuderunt“</span> 
     </span>
    </p>
   </div>
   <div class='ocr_carea' id='block_1_7' title="bbox 0 0 1564 4778">
    <p class='ocr_par' dir='ltr' id='par_1_7' title="bbox 0 0 1564 4778">
     <span class='ocr_line' id='line_1_34' title="bbox 0 0 1564 4778; baseline 0 1"><span class='ocrx_word' id='word_1_314' title='bbox 0 0 1564 4778; x_wconf 95' lang='lat' dir='ltr'> </span> 
     </span>
    </p>
   </div>
  </div>
 </body>
</html>
