<?xml version="1.0" encoding="UTF-8"?>
<!DOCTYPE html PUBLIC "-//W3C//DTD XHTML 1.0 Transitional//EN"
    "http://www.w3.org/TR/xhtml1/DTD/xhtml1-transitional.dtd">
<html xmlns="http://www.w3.org/1999/xhtml" xml:lang="en" lang="en">
 <head>
  <title>
</title>
<meta http-equiv="Content-Type" content="text/html;charset=utf-8" />
  <meta name='ocr-system' content='tesseract 3.04.00' />
  <meta name='ocr-capabilities' content='ocr_page ocr_carea ocr_par ocr_line ocrx_word'/>
</head>
<body>
  <div class='ocr_page' id='page_1' title='image "./chrestomathiaae00dillgoog_0020.png"; bbox 0 0 3120 4778; ppageno 0'>
   <div class='ocr_carea' id='block_1_1' title="bbox 694 47 1418 124">
    <p class='ocr_par' dir='ltr' id='par_1_1' title="bbox 694 47 1418 124">
     <span class='ocr_line' id='line_1_1' title="bbox 694 47 1418 124; baseline 0.001 -19"><span class='ocrx_word' id='word_1_1' title='bbox 694 47 887 108; x_wconf 74' lang='lat' dir='ltr'>Praefatio.</span> <span class='ocrx_word' id='word_1_2' title='bbox 1366 77 1418 124; x_wconf 71' lang='grc' dir='ltr'>χγ</span> 
     </span>
    </p>
   </div>
   <div class='ocr_carea' id='block_1_2' title="bbox 149 248 1419 334">
    <p class='ocr_par' dir='ltr' id='par_1_2' title="bbox 149 248 1419 334">
     <span class='ocr_line' id='line_1_2' title="bbox 149 248 1419 334; baseline 0 -18"><span class='ocrx_word' id='word_1_3' title='bbox 149 258 258 316; x_wconf 91' lang='lat' dir='ltr'>autem</span> <span class='ocrx_word' id='word_1_4' title='bbox 285 250 449 313; x_wconf 90' lang='lat' dir='ltr'>technicas</span> <span class='ocrx_word' id='word_1_5' title='bbox 477 268 560 330; x_wconf 89' lang='lat' dir='ltr'>quae</span> <span class='ocrx_word' id='word_1_6' title='bbox 586 248 707 314; x_wconf 87' lang='lat' dir='ltr'>multae</span> <span class='ocrx_word' id='word_1_7' title='bbox 734 249 778 312; x_wconf 94' lang='lat' dir='ltr'>ibi</span> <span class='ocrx_word' id='word_1_8' title='bbox 807 253 994 328; x_wconf 83' lang='lat' dir='ltr'>occurrunt,</span> <span class='ocrx_word' id='word_1_9' title='bbox 1021 250 1070 312; x_wconf 87' lang='lat' dir='ltr'>vel</span> <span class='ocrx_word' id='word_1_10' title='bbox 1098 251 1192 332; x_wconf 87' lang='lat' dir='ltr'>sigla,</span> <span class='ocrx_word' id='word_1_11' title='bbox 1225 272 1419 334; x_wconf 89' lang='lat' dir='ltr'>quamquam</span> 
     </span>
    </p>
   </div>
   <div class='ocr_carea' id='block_1_3' title="bbox 149 383 1418 467">
    <p class='ocr_par' dir='ltr' id='par_1_3' title="bbox 149 383 1418 467">
     <span class='ocr_line' id='line_1_3' title="bbox 149 383 1418 467; baseline 0.001 -17"><span class='ocrx_word' id='word_1_12' title='bbox 149 391 182 450; x_wconf 89' lang='lat' dir='ltr'>et</span> <span class='ocrx_word' id='word_1_13' title='bbox 216 387 301 467; x_wconf 38' lang='lat' dir='ltr'>ipsa,</span> <span class='ocrx_word' id='word_1_14' title='bbox 319 383 461 465; x_wconf 90' lang='lat' dir='ltr'>nondum</span> <span class='ocrx_word' id='word_1_15' title='bbox 494 385 573 448; x_wconf 88' lang='lat' dir='ltr'>satis</span> <span class='ocrx_word' id='word_1_16' title='bbox 603 383 755 466; x_wconf 86' lang='lat' dir='ltr'>explicari</span> <span class='ocrx_word' id='word_1_17' title='bbox 782 389 933 466; x_wconf 81' lang='lat' dir='ltr'><strong>possunt,</strong></span> <span class='ocrx_word' id='word_1_18' title='bbox 966 385 1220 466; x_wconf 77' lang='lat' dir='ltr'>praetermittere</span> <span class='ocrx_word' id='word_1_19' title='bbox 1250 387 1418 452; x_wconf 90' lang='lat' dir='ltr'>noluimus.</span> 
     </span>
    </p>
   </div>
   <div class='ocr_carea' id='block_1_4' title="bbox 148 489 1441 590">
    <p class='ocr_par' dir='ltr' id='par_1_4' title="bbox 148 489 1441 590">
     <span class='ocr_line' id='line_1_4' title="bbox 148 489 1441 590; baseline 0.002 -6"><span class='ocrx_word' id='word_1_20' title='bbox 148 520 257 585; x_wconf 88' lang='lat' dir='ltr'>Verba</span> <span class='ocrx_word' id='word_1_21' title='bbox 278 519 371 584; x_wconf 90' lang='lat' dir='ltr'>lineis</span> <span class='ocrx_word' id='word_1_22' title='bbox 394 520 575 584; x_wconf 77' lang='lat' dir='ltr'><strong>subnotatis</strong></span> <span class='ocrx_word' id='word_1_23' title='bbox 596 518 753 590; x_wconf 84' lang='lat' dir='ltr'>distincta¹</span> <span class='ocrx_word' id='word_1_24' title='bbox 776 489 810 583; x_wconf 84' lang='lat' dir='ltr'>in</span> <span class='ocrx_word' id='word_1_25' title='bbox 840 520 948 584; x_wconf 88' lang='lat' dir='ltr'>codice</span> <span class='ocrx_word' id='word_1_26' title='bbox 975 517 1052 583; x_wconf 87' lang='lat' dir='ltr'>Msc.</span> <span class='ocrx_word' id='word_1_27' title='bbox 1081 519 1178 584; x_wconf 93' lang='lat' dir='ltr'>rubro</span> <span class='ocrx_word' id='word_1_28' title='bbox 1206 521 1310 587; x_wconf 91' lang='lat' dir='ltr'>colore</span> <span class='ocrx_word' id='word_1_29' title='bbox 1338 523 1441 587; x_wconf 91' lang='lat' dir='ltr'>dcli--</span> 
     </span>
    </p>
   </div>
   <div class='ocr_carea' id='block_1_5' title="bbox 143 660 1502 4260">
    <p class='ocr_par' dir='ltr' id='par_1_5' title="bbox 143 660 1502 4260">
     <span class='ocr_line' id='line_1_5' title="bbox 148 660 358 720; baseline -0.01 0"><span class='ocrx_word' id='word_1_30' title='bbox 148 661 247 720; x_wconf 90' lang='lat' dir='ltr'>neata</span> <span class='ocrx_word' id='word_1_31' title='bbox 269 660 358 719; x_wconf 80' lang='lat' dir='ltr'>sunt</span> 
     </span>
     <span class='ocr_line' id='line_1_6' title="bbox 160 779 1417 874; baseline 0.002 -20"><span class='ocrx_word' id='word_1_32' title='bbox 160 800 162 804; x_wconf 72' lang='grc'><strong>“</strong></span> <span class='ocrx_word' id='word_1_33' title='bbox 235 790 323 854; x_wconf 89' lang='lat' dir='ltr'>Haeo</span> <span class='ocrx_word' id='word_1_34' title='bbox 350 779 515 853; x_wconf 86' lang='lat' dir='ltr'>hactenus.</span> <span class='ocrx_word' id='word_1_35' title='bbox 571 789 778 854; x_wconf 75' lang='lat' dir='ltr'>Glossarium</span> <span class='ocrx_word' id='word_1_36' title='bbox 804 791 964 874; x_wconf 85' lang='lat' dir='ltr'>adjectum</span> <span class='ocrx_word' id='word_1_37' title='bbox 988 791 1035 854; x_wconf 90' lang='lat' dir='ltr'>ita</span> <span class='ocrx_word' id='word_1_38' title='bbox 1066 790 1249 854; x_wconf 90' lang='lat' dir='ltr'>institutum</span> <span class='ocrx_word' id='word_1_39' title='bbox 1282 797 1345 870; x_wconf 90' lang='lat' dir='ltr'>cst,</span> <span class='ocrx_word' id='word_1_40' title='bbox 1379 798 1417 856; x_wconf 92' lang='lat' dir='ltr'>ut</span> 
     </span>
     <span class='ocr_line' id='line_1_7' title="bbox 148 905 1502 1016; baseline 0.003 -28"><span class='ocrx_word' id='word_1_41' title='bbox 148 927 188 988; x_wconf 91' lang='lat' dir='ltr'>iis</span> <span class='ocrx_word' id='word_1_42' title='bbox 216 925 272 1007; x_wconf 93' lang='lat' dir='ltr'>qui</span> <span class='ocrx_word' id='word_1_43' title='bbox 296 924 422 988; x_wconf 83' lang='lat' dir='ltr'>lexicon</span> <span class='ocrx_word' id='word_1_44' title='bbox 446 946 514 989; x_wconf 91' lang='lat' dir='ltr'>non</span> <span class='ocrx_word' id='word_1_45' title='bbox 543 925 708 1006; x_wconf 91' lang='lat' dir='ltr'>possident</span> <span class='ocrx_word' id='word_1_46' title='bbox 739 925 880 1008; x_wconf 92' lang='lat' dir='ltr'>inopiam</span> <span class='ocrx_word' id='word_1_47' title='bbox 906 925 1139 1007; x_wconf 87' lang='lat' dir='ltr'>quodammodo</span> <span class='ocrx_word' id='word_1_48' title='bbox 1168 913 1316 1016; x_wconf 89' lang='lat' dir='ltr'>supplere</span> <span class='ocrx_word' id='word_1_49' title='bbox 1342 948 1415 1010; x_wconf 86' lang='lat' dir='ltr'>pos·</span> <span class='ocrx_word' id='word_1_50' title='bbox 1451 905 1460 917; x_wconf 50' lang='grc'><strong>’</strong></span> <span class='ocrx_word' id='word_1_51' title='bbox 1501 909 1502 913; x_wconf 18' lang='lat'>¹</span> 
     </span>
     <span class='ocr_line' id='line_1_8' title="bbox 147 1049 1414 1142; baseline 0.001 -18"><span class='ocrx_word' id='word_1_52' title='bbox 147 1063 198 1124; x_wconf 91' lang='lat' dir='ltr'>sit.</span> <span class='ocrx_word' id='word_1_53' title='bbox 231 1049 361 1136; x_wconf 79' lang='lat' dir='ltr'>¹Quare</span> <span class='ocrx_word' id='word_1_54' title='bbox 393 1060 427 1123; x_wconf 91' lang='lat' dir='ltr'>in</span> <span class='ocrx_word' id='word_1_55' title='bbox 458 1080 496 1125; x_wconf 91' lang='lat' dir='ltr'>eo</span> <span class='ocrx_word' id='word_1_56' title='bbox 529 1081 595 1123; x_wconf 93' lang='lat' dir='ltr'>non</span> <span class='ocrx_word' id='word_1_57' title='bbox 631 1060 707 1124; x_wconf 89' lang='lat' dir='ltr'>illae</span> <span class='ocrx_word' id='word_1_58' title='bbox 744 1067 871 1125; x_wconf 89' lang='lat' dir='ltr'>tantum</span> <span class='ocrx_word' id='word_1_59' title='bbox 905 1081 995 1125; x_wconf 87' lang='lat' dir='ltr'>voces</span> <span class='ocrx_word' id='word_1_60' title='bbox 1028 1067 1061 1126; x_wconf 90' lang='lat' dir='ltr'>ct</span> <span class='ocrx_word' id='word_1_61' title='bbox 1092 1060 1229 1140; x_wconf 84' lang='lat' dir='ltr'>formae,</span> <span class='ocrx_word' id='word_1_62' title='bbox 1268 1081 1351 1142; x_wconf 89' lang='lat' dir='ltr'>quae</span> <span class='ocrx_word' id='word_1_63' title='bbox 1381 1063 1414 1125; x_wconf 92' lang='lat' dir='ltr'>in</span> 
     </span>
     <span class='ocr_line' id='line_1_9' title="bbox 148 1195 1417 1278; baseline 0.001 -20"><span class='ocrx_word' id='word_1_64' title='bbox 148 1195 400 1259; x_wconf 87' lang='lat' dir='ltr'>chrestomathia</span> <span class='ocrx_word' id='word_1_65' title='bbox 432 1195 601 1276; x_wconf 83' lang='lat' dir='ltr'>leguntur,</span> <span class='ocrx_word' id='word_1_66' title='bbox 638 1202 785 1278; x_wconf 75' lang='lat' dir='ltr'>receptae</span> <span class='ocrx_word' id='word_1_67' title='bbox 818 1201 910 1275; x_wconf 92' lang='lat' dir='ltr'>sunt,</span> <span class='ocrx_word' id='word_1_68' title='bbox 948 1196 1003 1262; x_wconf 91' lang='lat' dir='ltr'>sed</span> <span class='ocrx_word' id='word_1_69' title='bbox 1037 1196 1133 1261; x_wconf 89' lang='lat' dir='ltr'>etiam</span> <span class='ocrx_word' id='word_1_70' title='bbox 1164 1196 1231 1261; x_wconf 88' lang='lat' dir='ltr'>alia</span> <span class='ocrx_word' id='word_1_71' title='bbox 1262 1195 1417 1261; x_wconf 87' lang='lat' dir='ltr'>vocabula</span> 
     </span>
     <span class='ocr_line' id='line_1_10' title="bbox 146 1305 1414 1416; baseline 0.001 -22"><span class='ocrx_word' id='word_1_72' title='bbox 146 1323 358 1395; x_wconf 88' lang='lat' dir='ltr'>usitatissima</span> <span class='ocrx_word' id='word_1_73' title='bbox 384 1336 418 1395; x_wconf 92' lang='lat' dir='ltr'>et</span> <span class='ocrx_word' id='word_1_74' title='bbox 444 1337 558 1396; x_wconf 90' lang='lat' dir='ltr'>notatu</span> <span class='ocrx_word' id='word_1_75' title='bbox 581 1331 770 1416; x_wconf 30' lang='lat' dir='ltr'>‚dignissima</span> <span class='ocrx_word' id='word_1_76' title='bbox 798 1352 856 1396; x_wconf 90' lang='lat' dir='ltr'>nec</span> <span class='ocrx_word' id='word_1_77' title='bbox 884 1353 960 1396; x_wconf 91' lang='lat' dir='ltr'>non·</span> <span class='ocrx_word' id='word_1_78' title='bbox 981 1305 1104 1397; x_wconf 86' lang='lat' dir='ltr'>radices</span> <span class='ocrx_word' id='word_1_79' title='bbox 1132 1333 1199 1396; x_wconf 87' lang='lat' dir='ltr'>fere</span> <span class='ocrx_word' id='word_1_80' title='bbox 1228 1352 1338 1396; x_wconf 90' lang='lat' dir='ltr'>omnes</span> <span class='ocrx_word' id='word_1_81' title='bbox 1365 1352 1414 1395; x_wconf 93' lang='lat' dir='ltr'>re-</span> 
     </span>
     <span class='ocr_line' id='line_1_11' title="bbox 146 1433 1414 1550; baseline 0.002 -20"><span class='ocrx_word' id='word_1_82' title='bbox 146 1433 344 1537; x_wconf 43' lang='lat' dir='ltr'>censenturs,</span> <span class='ocrx_word' id='word_1_83' title='bbox 372 1465 436 1530; x_wconf 87' lang='lat' dir='ltr'>Sed</span> <span class='ocrx_word' id='word_1_84' title='bbox 456 1487 497 1530; x_wconf 92' lang='lat' dir='ltr'>ne</span> <span class='ocrx_word' id='word_1_85' title='bbox 519 1466 601 1530; x_wconf 88' lang='lat' dir='ltr'>liber</span> <span class='ocrx_word' id='word_1_86' title='bbox 622 1466 709 1531; x_wconf 88' lang='lat' dir='ltr'>nitra</span> <span class='ocrx_word' id='word_1_87' title='bbox 734 1466 814 1532; x_wconf 88' lang='lat' dir='ltr'>fines</span> <span class='ocrx_word' id='word_1_88' title='bbox 840 1468 1023 1550; x_wconf 86' lang='lat' dir='ltr'>propositos</span> <span class='ocrx_word' id='word_1_89' title='bbox 1052 1473 1263 1546; x_wconf 88' lang='lat' dir='ltr'>excresceret,</span> <span class='ocrx_word' id='word_1_90' title='bbox 1293 1466 1414 1550; x_wconf 88' lang='lat' dir='ltr'>signifi·</span> 
     </span>
     <span class='ocr_line' id='line_1_12' title="bbox 146 1600 1413 1686; baseline 0.002 -22"><span class='ocrx_word' id='word_1_91' title='bbox 146 1603 290 1666; x_wconf 90' lang='lat' dir='ltr'>cationes</span> <span class='ocrx_word' id='word_1_92' title='bbox 312 1601 441 1682; x_wconf 91' lang='lat' dir='ltr'>parcius</span> <span class='ocrx_word' id='word_1_93' title='bbox 463 1600 712 1682; x_wconf 77' lang='lat' dir='ltr'>adscripsimus,</span> <span class='ocrx_word' id='word_1_94' title='bbox 731 1610 838 1686; x_wconf 87' lang='lat' dir='ltr'>etyma</span> <span class='ocrx_word' id='word_1_95' title='bbox 859 1609 967 1668; x_wconf 90' lang='lat' dir='ltr'>autem</span> <span class='ocrx_word' id='word_1_96' title='bbox 989 1603 1107 1686; x_wconf 89' lang='lat' dir='ltr'>ubique</span> <span class='ocrx_word' id='word_1_97' title='bbox 1129 1603 1413 1684; x_wconf 82' lang='lat' dir='ltr'>praetermisimus3</span> 
     </span>
     <span class='ocr_line' id='line_1_13' title="bbox 148 1735 1413 1820; baseline 0.002 -21"><span class='ocrx_word' id='word_1_98' title='bbox 148 1756 232 1818; x_wconf 91' lang='lat' dir='ltr'>quae</span> <span class='ocrx_word' id='word_1_99' title='bbox 254 1735 282 1799; x_wconf 92' lang='lat' dir='ltr'>si</span> <span class='ocrx_word' id='word_1_100' title='bbox 303 1736 388 1817; x_wconf 83' lang='lat' dir='ltr'>quis-</span> <span class='ocrx_word' id='word_1_101' title='bbox 403 1755 593 1817; x_wconf 84' lang='lat' dir='ltr'>cognoscere</span> <span class='ocrx_word' id='word_1_102' title='bbox 622 1735 770 1815; x_wconf 87' lang='lat' dir='ltr'>voluerit,</span> <span class='ocrx_word' id='word_1_103' title='bbox 798 1738 922 1803; x_wconf 82' lang='lat' dir='ltr'>lexicon</span> <span class='ocrx_word' id='word_1_104' title='bbox 949 1758 1102 1820; x_wconf 85' lang='lat' dir='ltr'>magnum</span> <span class='ocrx_word' id='word_1_105' title='bbox 1129 1758 1149 1802; x_wconf 91' lang='lat' dir='ltr'>a</span> <span class='ocrx_word' id='word_1_106' title='bbox 1175 1738 1267 1802; x_wconf 91' lang='lat' dir='ltr'>nobis</span> <span class='ocrx_word' id='word_1_107' title='bbox 1293 1738 1413 1802; x_wconf 87' lang='lat' dir='ltr'>editum</span> 
     </span>
     <span class='ocr_line' id='line_1_14' title="bbox 147 1863 1414 1952; baseline 0 -17"><span class='ocrx_word' id='word_1_108' title='bbox 147 1871 253 1935; x_wconf 89' lang='lat' dir='ltr'>adeat.</span> <span class='ocrx_word' id='word_1_109' title='bbox 298 1863 400 1934; x_wconf 87' lang='lat' dir='ltr'>Locos</span> <span class='ocrx_word' id='word_1_110' title='bbox 422 1869 624 1935; x_wconf 85' lang='lat' dir='ltr'>difficillimos</span> <span class='ocrx_word' id='word_1_111' title='bbox 646 1870 680 1934; x_wconf 89' lang='lat' dir='ltr'>in</span> <span class='ocrx_word' id='word_1_112' title='bbox 702 1871 856 1952; x_wconf 80' lang='lat' dir='ltr'>glossario</span> <span class='ocrx_word' id='word_1_113' title='bbox 879 1873 1040 1936; x_wconf 87' lang='lat' dir='ltr'>invenient</span> <span class='ocrx_word' id='word_1_114' title='bbox 1066 1873 1185 1936; x_wconf 86' lang='lat' dir='ltr'>tirones</span> <span class='ocrx_word' id='word_1_115' title='bbox 1207 1871 1322 1937; x_wconf 85' lang='lat' dir='ltr'>Latine</span> <span class='ocrx_word' id='word_1_116' title='bbox 1344 1894 1414 1936; x_wconf 87' lang='lat' dir='ltr'>vor-</span> 
     </span>
     <span class='ocr_line' id='line_1_15' title="bbox 147 2003 1414 2086; baseline -0.002 -16"><span class='ocrx_word' id='word_1_117' title='bbox 147 2026 213 2085; x_wconf 86' lang='lat' dir='ltr'><strong>sos;</strong></span> <span class='ocrx_word' id='word_1_118' title='bbox 237 2005 308 2080; x_wconf 85' lang='lat' dir='ltr'>aliis</span> <span class='ocrx_word' id='word_1_119' title='bbox 330 2005 364 2068; x_wconf 94' lang='lat' dir='ltr'>in</span> <span class='ocrx_word' id='word_1_120' title='bbox 385 2003 476 2084; x_wconf 89' lang='lat' dir='ltr'>locis,</span> <span class='ocrx_word' id='word_1_121' title='bbox 499 2005 554 2069; x_wconf 93' lang='lat' dir='ltr'>ubi</span> <span class='ocrx_word' id='word_1_122' title='bbox 577 2006 623 2069; x_wconf 85' lang='lat' dir='ltr'>vis</span> <span class='ocrx_word' id='word_1_123' title='bbox 646 2006 814 2070; x_wconf 87' lang='lat' dir='ltr'>verborum</span> <span class='ocrx_word' id='word_1_124' title='bbox 836 2006 1000 2070; x_wconf 88' lang='lat' dir='ltr'>obscurior</span> <span class='ocrx_word' id='word_1_125' title='bbox 1015 2005 1115 2069; x_wconf 90' lang='lat' dir='ltr'>videri</span> <span class='ocrx_word' id='word_1_126' title='bbox 1136 2005 1252 2086; x_wconf 89' lang='lat' dir='ltr'><strong>possit,</strong></span> <span class='ocrx_word' id='word_1_127' title='bbox 1266 2007 1414 2070; x_wconf 76' lang='lat' dir='ltr'>‚acumini</span> 
     </span>
     <span class='ocr_line' id='line_1_16' title="bbox 147 2139 1413 2221; baseline -0.002 -17"><span class='ocrx_word' id='word_1_128' title='bbox 147 2140 337 2204; x_wconf 88' lang='lat' dir='ltr'>discentium</span> <span class='ocrx_word' id='word_1_129' title='bbox 369 2140 403 2203; x_wconf 92' lang='lat' dir='ltr'>in</span> <span class='ocrx_word' id='word_1_130' title='bbox 434 2141 588 2221; x_wconf 84' lang='lat' dir='ltr'>glossario</span> <span class='ocrx_word' id='word_1_131' title='bbox 622 2142 669 2204; x_wconf 91' lang='lat' dir='ltr'>ita</span> <span class='ocrx_word' id='word_1_132' title='bbox 695 2142 885 2205; x_wconf 87' lang='lat' dir='ltr'>subventum</span> <span class='ocrx_word' id='word_1_133' title='bbox 915 2147 979 2217; x_wconf 84' lang='lat' dir='ltr'>est,</span> <span class='ocrx_word' id='word_1_134' title='bbox 1013 2146 1049 2204; x_wconf 91' lang='lat' dir='ltr'>ut</span> <span class='ocrx_word' id='word_1_135' title='bbox 1077 2140 1324 2221; x_wconf 88' lang='lat' dir='ltr'>significationes</span> <span class='ocrx_word' id='word_1_136' title='bbox 1350 2139 1413 2203; x_wconf 91' lang='lat' dir='ltr'>illis</span> 
     </span>
     <span class='ocr_line' id='line_1_17' title="bbox 146 2268 1412 2357; baseline 0.002 -19"><span class='ocrx_word' id='word_1_137' title='bbox 146 2274 251 2339; x_wconf 88' lang='lat' dir='ltr'>verbis</span> <span class='ocrx_word' id='word_1_138' title='bbox 284 2268 506 2339; x_wconf 86' lang='lat' dir='ltr'>convenientes</span> <span class='ocrx_word' id='word_1_139' title='bbox 540 2277 681 2340; x_wconf 89' lang='lat' dir='ltr'>numeris</span> <span class='ocrx_word' id='word_1_140' title='bbox 710 2275 900 2357; x_wconf 86' lang='lat' dir='ltr'>paginarum</span> <span class='ocrx_word' id='word_1_141' title='bbox 927 2280 960 2340; x_wconf 92' lang='lat' dir='ltr'>et</span> <span class='ocrx_word' id='word_1_142' title='bbox 992 2275 1148 2339; x_wconf 89' lang='lat' dir='ltr'>linearum</span> <span class='ocrx_word' id='word_1_143' title='bbox 1175 2277 1336 2340; x_wconf 87' lang='lat' dir='ltr'>annotatis</span> <span class='ocrx_word' id='word_1_144' title='bbox 1364 2276 1412 2340; x_wconf 89' lang='lat' dir='ltr'>in·</span> 
     </span>
     <span class='ocr_line' id='line_1_18' title="bbox 146 2407 1411 2494; baseline -0.004 -19"><span class='ocrx_word' id='word_1_145' title='bbox 146 2412 351 2492; x_wconf 83' lang='lat' dir='ltr'>signirentur.</span> <span class='ocrx_word' id='word_1_146' title='bbox 395 2411 502 2475; x_wconf 91' lang='lat' dir='ltr'>Pauca</span> <span class='ocrx_word' id='word_1_147' title='bbox 524 2412 683 2494; x_wconf 87' lang='lat' dir='ltr'>quaedam</span> <span class='ocrx_word' id='word_1_148' title='bbox 705 2412 872 2491; x_wconf 82' lang='lat' dir='ltr'>uocabula,</span> <span class='ocrx_word' id='word_1_149' title='bbox 895 2418 932 2476; x_wconf 94' lang='lat' dir='ltr'>ut</span> <span class='ocrx_word' id='word_1_150' title='bbox 954 2407 1105 2489; x_wconf 74' lang='grc' dir='ltr'>Λιουήι,</span> <span class='ocrx_word' id='word_1_151' title='bbox 1133 2408 1259 2489; x_wconf 64' lang='lat' dir='ltr'>Mlti,</span> <span class='ocrx_word' id='word_1_152' title='bbox 1288 2411 1411 2488; x_wconf 61' lang='lat' dir='ltr'>molti,</span> 
     </span>
     <span class='ocr_line' id='line_1_19' title="bbox 146 2546 1097 2640; baseline 0.003 -32"><span class='ocrx_word' id='word_1_153' title='bbox 146 2547 179 2608; x_wconf 92' lang='lat' dir='ltr'>in</span> <span class='ocrx_word' id='word_1_154' title='bbox 202 2546 357 2627; x_wconf 84' lang='lat' dir='ltr'>glossario</span> <span class='ocrx_word' id='word_1_155' title='bbox 380 2547 561 2640; x_wconf 84' lang='lat' dir='ltr'>accuratius</span> <span class='ocrx_word' id='word_1_156' title='bbox 584 2547 788 2629; x_wconf 82' lang='lat' dir='ltr'>exposuimus</span> <span class='ocrx_word' id='word_1_157' title='bbox 811 2568 908 2629; x_wconf 91' lang='lat' dir='ltr'>quam</span> <span class='ocrx_word' id='word_1_158' title='bbox 930 2549 963 2610; x_wconf 90' lang='lat' dir='ltr'>iu</span> <span class='ocrx_word' id='word_1_159' title='bbox 987 2548 1097 2611; x_wconf 83' lang='lat' dir='ltr'>lexico.</span> 
     </span>
     <span class='ocr_line' id='line_1_20' title="bbox 157 2680 1411 2763; baseline -0.001 -21"><span class='ocrx_word' id='word_1_160' title='bbox 157 2722 161 2727; x_wconf 89' lang='lat'>-</span> <span class='ocrx_word' id='word_1_161' title='bbox 232 2680 378 2761; x_wconf 86' lang='lat' dir='ltr'>Denique</span> <span class='ocrx_word' id='word_1_162' title='bbox 404 2681 443 2744; x_wconf 91' lang='lat' dir='ltr'>de</span> <span class='ocrx_word' id='word_1_163' title='bbox 469 2682 565 2747; x_wconf 92' lang='lat' dir='ltr'>rebus</span> <span class='ocrx_word' id='word_1_164' title='bbox 590 2684 816 2763; x_wconf 68' lang='lat' dir='ltr'>psammeticus</span> <span class='ocrx_word' id='word_1_165' title='bbox 844 2701 947 2762; x_wconf 91' lang='lat' dir='ltr'>pauca</span> <span class='ocrx_word' id='word_1_166' title='bbox 976 2689 1052 2745; x_wconf 89' lang='lat' dir='ltr'>sunt</span> <span class='ocrx_word' id='word_1_167' title='bbox 1080 2680 1247 2743; x_wconf 91' lang='lat' dir='ltr'>monenda.</span> <span class='ocrx_word' id='word_1_168' title='bbox 1296 2681 1351 2742; x_wconf 87' lang='lat' dir='ltr'>Bis</span> <span class='ocrx_word' id='word_1_169' title='bbox 1378 2681 1411 2742; x_wconf 89' lang='lat' dir='ltr'>in</span> 
     </span>
     <span class='ocr_line' id='line_1_21' title="bbox 144 2813 1411 2902; baseline -0.003 -24"><span class='ocrx_word' id='word_1_170' title='bbox 144 2817 206 2878; x_wconf 92' lang='lat' dir='ltr'>hac</span> <span class='ocrx_word' id='word_1_171' title='bbox 228 2817 477 2902; x_wconf 86' lang='lat' dir='ltr'>chrestomathia</span> <span class='ocrx_word' id='word_1_172' title='bbox 498 2818 616 2900; x_wconf 81' lang='lat' dir='ltr'>legitur</span> <span class='ocrx_word' id='word_1_173' title='bbox 638 2817 820 2900; x_wconf 83' lang='lat' dir='ltr'>Imperieoti</span> <span class='ocrx_word' id='word_1_174' title='bbox 841 2816 944 2881; x_wconf 90' lang='lat' dir='ltr'>forma</span> <span class='ocrx_word' id='word_1_175' title='bbox 967 2813 1141 2897; x_wconf 67' lang='lat' dir='ltr'>,t&#39;s&#39;llfflid&#39;</span> <span class='ocrx_word' id='word_1_176' title='bbox 1164 2836 1195 2895; x_wconf 90' lang='lat' dir='ltr'>p.</span> <span class='ocrx_word' id='word_1_177' title='bbox 1219 2820 1254 2876; x_wconf 81' lang='grc'>51</span> <span class='ocrx_word' id='word_1_178' title='bbox 1281 2820 1313 2877; x_wconf 91' lang='lat' dir='ltr'>et</span> <span class='ocrx_word' id='word_1_179' title='bbox 1337 2818 1411 2890; x_wconf 86' lang='lat'>133;</span> 
     </span>
     <span class='ocr_line' id='line_1_22' title="bbox 145 2929 1410 3036; baseline -0.005 -20"><span class='ocrx_word' id='word_1_180' title='bbox 145 2929 218 3016; x_wconf 85' lang='lat' dir='ltr'>eam</span> <span class='ocrx_word' id='word_1_181' title='bbox 240 2975 260 3015; x_wconf 88' lang='lat' dir='ltr'>a</span> <span class='ocrx_word' id='word_1_182' title='bbox 282 2950 469 3027; x_wconf 53' lang='lat' dir='ltr'>&#39;li&#39;tmtxm</span> <span class='ocrx_word' id='word_1_183' title='bbox 493 2956 513 3018; x_wconf 95' lang='lat' dir='ltr'>i.</span> <span class='ocrx_word' id='word_1_184' title='bbox 529 2977 555 3018; x_wconf 90' lang='lat' dir='ltr'>e.</span> <span class='ocrx_word' id='word_1_185' title='bbox 571 2956 700 3019; x_wconf 90' lang='lat' dir='ltr'>Passivo</span> <span class='ocrx_word' id='word_1_186' title='bbox 716 2954 826 3036; x_wconf 91' lang='lat' dir='ltr'>stirpis</span> <span class='ocrx_word' id='word_1_187' title='bbox 842 2954 973 3036; x_wconf 90' lang='lat' dir='ltr'>quintae</span> <span class='ocrx_word' id='word_1_188' title='bbox 995 2940 1208 3031; x_wconf 58' lang='lat' dir='ltr'>(mmmm)</span> <span class='ocrx_word' id='word_1_189' title='bbox 1235 2949 1410 3013; x_wconf 90' lang='lat' dir='ltr'>derivatam</span> 
     </span>
     <span class='ocr_line' id='line_1_23' title="bbox 146 3083 1412 3172; baseline -0.002 -22"><span class='ocrx_word' id='word_1_190' title='bbox 146 3095 178 3153; x_wconf 91' lang='lat' dir='ltr'>et</span> <span class='ocrx_word' id='word_1_191' title='bbox 201 3083 444 3168; x_wconf 60' lang='lat' dir='ltr'>effi&#39;unddr</span> <span class='ocrx_word' id='word_1_192' title='bbox 467 3091 727 3156; x_wconf 87' lang='lat' dir='ltr'>transformatam</span> <span class='ocrx_word' id='word_1_193' title='bbox 749 3112 832 3170; x_wconf 86' lang='lat' dir='ltr'>esse,</span> <span class='ocrx_word' id='word_1_194' title='bbox 855 3092 888 3154; x_wconf 90' lang='lat' dir='ltr'>in</span> <span class='ocrx_word' id='word_1_195' title='bbox 904 3091 1058 3172; x_wconf 77' lang='lat' dir='ltr'>glossario</span> <span class='ocrx_word' id='word_1_196' title='bbox 1074 3088 1304 3163; x_wconf 86' lang='lat' dir='ltr'>annotavimus,</span> <span class='ocrx_word' id='word_1_197' title='bbox 1327 3085 1412 3148; x_wconf 90' lang='lat' dir='ltr'>unde</span> 
     </span>
     <span class='ocr_line' id='line_1_24' title="bbox 145 3221 1410 3310; baseline -0.003 -24"><span class='ocrx_word' id='word_1_198' title='bbox 145 3224 313 3305; x_wconf 90' lang='lat' dir='ltr'>suppleas,</span> <span class='ocrx_word' id='word_1_199' title='bbox 343 3227 481 3306; x_wconf 89' lang='lat' dir='ltr'>quaein</span> <span class='ocrx_word' id='word_1_200' title='bbox 503 3246 634 3308; x_wconf 84' lang='lat' dir='ltr'>gramm.</span> <span class='ocrx_word' id='word_1_201' title='bbox 659 3228 675 3310; x_wconf 57' lang='grc' dir='ltr'>ᾖ</span> <span class='ocrx_word' id='word_1_202' title='bbox 699 3232 738 3288; x_wconf 85' lang='grc'>87</span> <span class='ocrx_word' id='word_1_203' title='bbox 763 3231 795 3289; x_wconf 91' lang='lat' dir='ltr'>et</span> <span class='ocrx_word' id='word_1_204' title='bbox 822 3231 880 3290; x_wconf 85' lang='lat'>100</span> <span class='ocrx_word' id='word_1_205' title='bbox 910 3226 948 3289; x_wconf 96' lang='lat' dir='ltr'>de</span> <span class='ocrx_word' id='word_1_206' title='bbox 975 3226 1035 3288; x_wconf 92' lang='lat' dir='ltr'>hac</span> <span class='ocrx_word' id='word_1_207' title='bbox 1061 3223 1184 3287; x_wconf 88' lang='lat' dir='ltr'>Passivi</span> <span class='ocrx_word' id='word_1_208' title='bbox 1210 3221 1314 3285; x_wconf 86' lang='lat' dir='ltr'>forma</span> <span class='ocrx_word' id='word_1_209' title='bbox 1338 3241 1410 3302; x_wconf 92' lang='lat' dir='ltr'>per-</span> 
     </span>
     <span class='ocr_line' id='line_1_25' title="bbox 145 3324 1410 3445; baseline -0.001 -25"><span class='ocrx_word' id='word_1_210' title='bbox 145 3380 218 3422; x_wconf 91' lang='lat' dir='ltr'>raro</span> <span class='ocrx_word' id='word_1_211' title='bbox 242 3359 334 3445; x_wconf 85' lang='lat' dir='ltr'>obvia</span> <span class='ocrx_word' id='word_1_212' title='bbox 356 3361 502 3441; x_wconf 83' lang='lat' dir='ltr'>exposita</span> <span class='ocrx_word' id='word_1_213' title='bbox 524 3366 607 3425; x_wconf 90' lang='lat' dir='ltr'>sunt.</span> <span class='ocrx_word' id='word_1_214' title='bbox 652 3361 824 3425; x_wconf 88' lang='lat' dir='ltr'>Praeterea</span> <span class='ocrx_word' id='word_1_215' title='bbox 849 3381 931 3441; x_wconf 86' lang='lat' dir='ltr'>quae</span> <span class='ocrx_word' id='word_1_216' title='bbox 957 3361 991 3423; x_wconf 91' lang='lat' dir='ltr'>in</span> <span class='ocrx_word' id='word_1_217' title='bbox 1014 3380 1144 3440; x_wconf 81' lang='lat' dir='ltr'>gramm.</span> <span class='ocrx_word' id='word_1_218' title='bbox 1168 3360 1185 3440; x_wconf 56' lang='grc' dir='ltr'>ᾖ</span> <span class='ocrx_word' id='word_1_219' title='bbox 1212 3362 1271 3420; x_wconf 83' lang='grc'>185</span> <span class='ocrx_word' id='word_1_220' title='bbox 1295 3378 1325 3437; x_wconf 88' lang='lat' dir='ltr'>p.</span> <span class='ocrx_word' id='word_1_221' title='bbox 1350 3324 1410 3419; x_wconf 70' lang='grc'>664</span> 
     </span>
     <span class='ocr_line' id='line_1_26' title="bbox 146 3490 1476 3593; baseline -0.005 -38"><span class='ocrx_word' id='word_1_222' title='bbox 146 3492 184 3555; x_wconf 91' lang='lat' dir='ltr'>de</span> <span class='ocrx_word' id='word_1_223' title='bbox 212 3499 301 3557; x_wconf 88' lang='lat' dir='ltr'>statu</span> <span class='ocrx_word' id='word_1_224' title='bbox 332 3495 469 3558; x_wconf 89' lang='lat' dir='ltr'>nominis</span> <span class='ocrx_word' id='word_1_225' title='bbox 502 3501 686 3560; x_wconf 90' lang='lat' dir='ltr'>constructo</span> <span class='ocrx_word' id='word_1_226' title='bbox 711 3501 889 3577; x_wconf 86' lang='lat' dir='ltr'>praecepta</span> <span class='ocrx_word' id='word_1_227' title='bbox 914 3501 989 3558; x_wconf 91' lang='lat' dir='ltr'>sunt</span> <span class='ocrx_word' id='word_1_228' title='bbox 1016 3493 1187 3576; x_wconf 88' lang='lat' dir='ltr'>dupliciter</span> <span class='ocrx_word' id='word_1_229' title='bbox 1214 3490 1413 3593; x_wconf 89' lang='lat' dir='ltr'>emendanda</span> <span class='ocrx_word' id='word_1_230' title='bbox 1474 3545 1476 3548; x_wconf 12' lang='lat' dir='ltr'>a</span> 
     </span>
     <span class='ocr_line' id='line_1_27' title="bbox 147 3619 1410 3725; baseline 0.006 -35"><span class='ocrx_word' id='word_1_231' title='bbox 147 3634 230 3692; x_wconf 90' lang='lat' dir='ltr'>sunt.</span> <span class='ocrx_word' id='word_1_232' title='bbox 275 3629 381 3693; x_wconf 93' lang='lat' dir='ltr'>Primo</span> <span class='ocrx_word' id='word_1_233' title='bbox 405 3631 489 3694; x_wconf 92' lang='lat' dir='ltr'>enim</span> <span class='ocrx_word' id='word_1_234' title='bbox 512 3652 584 3695; x_wconf 91' lang='lat' dir='ltr'>cum</span> <span class='ocrx_word' id='word_1_235' title='bbox 606 3633 639 3725; x_wconf 89' lang='lat' dir='ltr'>in</span> <span class='ocrx_word' id='word_1_236' title='bbox 661 3633 797 3696; x_wconf 85' lang='lat' dir='ltr'>lectione</span> <span class='ocrx_word' id='word_1_237' title='bbox 827 3631 951 3713; x_wconf 88' lang='lat' dir='ltr'>phrasis</span> <span class='ocrx_word' id='word_1_238' title='bbox 980 3619 1076 3701; x_wconf 63' lang='lat' dir='ltr'>ssttfflr.</span> <span class='ocrx_word' id='word_1_239' title='bbox 1093 3630 1236 3702; x_wconf 55' lang='lat'>²8:¹9³</span> <span class='ocrx_word' id='word_1_240' title='bbox 1253 3625 1410 3699; x_wconf 59' lang='lat' dir='ltr'>mult*</span> 
     </span>
     <span class='ocr_line' id='line_1_28' title="bbox 147 3752 1411 3851; baseline -0.003 -16"><span class='ocrx_word' id='word_1_241' title='bbox 147 3752 268 3835; x_wconf 63' lang='lat' dir='ltr'>bans</span> <span class='ocrx_word' id='word_1_242' title='bbox 302 3766 380 3847; x_wconf 82' lang='lat' dir='ltr'>(pro</span> <span class='ocrx_word' id='word_1_243' title='bbox 408 3756 1067 3851; x_wconf 62' lang='lat' dir='ltr'>nsta=&#39;ovuo=bao=ma9uo=)</span> <span class='ocrx_word' id='word_1_244' title='bbox 1097 3790 1127 3848; x_wconf 88' lang='lat' dir='ltr'>p.</span> <span class='ocrx_word' id='word_1_245' title='bbox 1156 3772 1196 3829; x_wconf 84' lang='lat'>47</span> <span class='ocrx_word' id='word_1_246' title='bbox 1225 3765 1246 3826; x_wconf 86' lang='lat' dir='ltr'>r.</span> <span class='ocrx_word' id='word_1_247' title='bbox 1273 3768 1294 3827; x_wconf 78' lang='lat' dir='ltr'>o</span> <span class='ocrx_word' id='word_1_248' title='bbox 1322 3759 1411 3831; x_wconf 64' lang='lat' dir='ltr'>aa</span> 
     </span>
     <span class='ocr_line' id='line_1_29' title="bbox 144 3899 1411 3988; baseline -0.014 -11"><span class='ocrx_word' id='word_1_249' title='bbox 144 3899 598 3984; x_wconf 37' lang='lat' dir='ltr'>firmassem&amp;</span> <span class='ocrx_word' id='word_1_250' title='bbox 621 3927 652 3988; x_wconf 88' lang='lat' dir='ltr'>p.</span> <span class='ocrx_word' id='word_1_251' title='bbox 674 3911 716 3969; x_wconf 85' lang='grc'>48</span> <span class='ocrx_word' id='word_1_252' title='bbox 738 3904 758 3968; x_wconf 92' lang='grc'>1.</span> <span class='ocrx_word' id='word_1_253' title='bbox 786 3911 822 3969; x_wconf 90' lang='grc'>16</span> <span class='ocrx_word' id='word_1_254' title='bbox 845 3925 954 3968; x_wconf 93' lang='lat' dir='ltr'>omnes</span> <span class='ocrx_word' id='word_1_255' title='bbox 970 3903 1093 3966; x_wconf 89' lang='lat' dir='ltr'>codices</span> <span class='ocrx_word' id='word_1_256' title='bbox 1115 3902 1329 3975; x_wconf 87' lang='lat' dir='ltr'>consentiant,</span> <span class='ocrx_word' id='word_1_257' title='bbox 1353 3918 1411 3960; x_wconf 91' lang='lat' dir='ltr'>nos</span> 
     </span>
     <span class='ocr_line' id='line_1_30' title="bbox 144 4031 1412 4121; baseline -0.005 -22"><span class='ocrx_word' id='word_1_258' title='bbox 144 4036 274 4116; x_wconf 87' lang='lat' dir='ltr'>quidem</span> <span class='ocrx_word' id='word_1_259' title='bbox 298 4059 362 4100; x_wconf 90' lang='lat' dir='ltr'>non</span> <span class='ocrx_word' id='word_1_260' title='bbox 386 4039 524 4121; x_wconf 91' lang='lat' dir='ltr'>amplius</span> <span class='ocrx_word' id='word_1_261' title='bbox 546 4040 742 4118; x_wconf 82' lang='lat' dir='ltr'>dubitamus,</span> <span class='ocrx_word' id='word_1_262' title='bbox 767 4039 844 4120; x_wconf 89' lang='lat' dir='ltr'>quin</span> <span class='ocrx_word' id='word_1_263' title='bbox 867 4039 963 4100; x_wconf 85' lang='lat' dir='ltr'>etiam</span> <span class='ocrx_word' id='word_1_264' title='bbox 986 4039 1017 4100; x_wconf 89' lang='lat' dir='ltr'>in</span> <span class='ocrx_word' id='word_1_265' title='bbox 1043 4038 1124 4099; x_wconf 84' lang='lat' dir='ltr'>Geeu</span> <span class='ocrx_word' id='word_1_266' title='bbox 1148 4052 1305 4110; x_wconf 87' lang='lat' dir='ltr'>sermone,</span> <span class='ocrx_word' id='word_1_267' title='bbox 1329 4031 1412 4094; x_wconf 88' lang='lat' dir='ltr'>sicut</span> 
     </span>
     <span class='ocr_line' id='line_1_31' title="bbox 143 4162 1411 4260; baseline -0.002 -28"><span class='ocrx_word' id='word_1_268' title='bbox 143 4172 174 4233; x_wconf 89' lang='lat' dir='ltr'>in</span> <span class='ocrx_word' id='word_1_269' title='bbox 209 4162 370 4238; x_wconf 87' lang='lat' dir='ltr'>Hebraico</span> <span class='ocrx_word' id='word_1_270' title='bbox 403 4176 523 4256; x_wconf 72' lang='lat' dir='ltr'>(aaut</span> <span class='ocrx_word' id='word_1_271' title='bbox 562 4170 763 4260; x_wconf 46' lang='lat' dir='ltr'>&#39;outtttbrtidpct</span> <span class='ocrx_word' id='word_1_272' title='bbox 798 4177 929 4255; x_wconf 66' lang='lat' dir='ltr'>tebrbudp</span> <span class='ocrx_word' id='word_1_273' title='bbox 969 4183 1014 4238; x_wconf 84' lang='lat' dir='ltr'>ter</span> <span class='ocrx_word' id='word_1_274' title='bbox 1058 4174 1129 4252; x_wconf 67' lang='lat' dir='ltr'>[retr.</span> <span class='ocrx_word' id='word_1_275' title='bbox 1167 4173 1291 4250; x_wconf 58' lang='lat' dir='ltr'>&amp;pronis</span> <span class='ocrx_word' id='word_1_276' title='bbox 1330 4172 1411 4230; x_wconf 86' lang='grc'><strong>1863</strong></span> 
     </span>
    </p>
   </div>
   <div class='ocr_carea' id='block_1_6' title="bbox 0 0 1564 4778">
    <p class='ocr_par' dir='ltr' id='par_1_6' title="bbox 0 0 1564 4778">
     <span class='ocr_line' id='line_1_32' title="bbox 0 0 1564 4778; baseline 0 1"><span class='ocrx_word' id='word_1_277' title='bbox 0 0 1564 4778; x_wconf 95' lang='lat' dir='ltr'> </span> 
     </span>
    </p>
   </div>
  </div>
 </body>
</html>
