3120 4778
253 86 310 134 xpp
780 61 977 118 Praefatio.

338 263 370 345 b)
396 262 508 325 Orotvo
532 261 743 325 coolroro'sb'co
764 262 904 325 Joonoc's
927 260 1141 343 Olrrpsoctooa'
1166 261 1369 343 suppeditata
1391 266 1440 326 est
1462 282 1514 324 co·

252 398 321 460 dice
343 396 516 461 Bodleiano
539 394 711 459 Oxoniensi
733 395 831 459 XVII.
863 395 954 461 Aliae
976 395 1072 477 hujus
1094 396 1218 477 generis
1242 396 1402 461 orationes
1429 396 1514 480 typis

252 531 355 596 editae
384 537 459 596 sunt
485 531 518 593 in
540 530 628 594 Novo
652 531 854 595 Testamento
877 531 983 609 Aeth,
1014 532 1145 595 Romae,
1159 533 1329 613 impresse,
1358 538 1391 596 et
1423 531 1456 594 in
1485 532 1515 594 J.

253 666 379 730 Ludolfi
402 666 573 731 Commeat.
596 665 638 729 ad
659 666 781 740 Hister.
800 667 893 731 deth.
929 667 977 730 Dc
999 667 1038 729 iis
1061 666 1231 747 diligenter
1252 666 1429 748 disputavit
1451 667 1515 730 Ile-

252 801 373 866 naudot
393 802 426 864 in
449 800 642 864 Collectione
665 800 881 880 Liturgiarum
906 801 1127 865 Orientalium.
1163 802 1235 866 Par.
1254 806 1344 866 1716.

337 938 368 1018 6)
391 936 532 1016 Repetas
548 935 716 999 Pachumii
738 934 962 1016 exscripsimus
986 956 1003 999 e
1025 909 1133 1001 codice
1148 936 1337 1001 Abbadiano
1354 937 1514 1000 CLXXIV

251 1072 373 1155 (ecdem
403 1091 420 1132 e
449 1089 512 1151 quo
534 1089 637 1150 nuper
658 1069 740 1134 liber
761 1069 899 1134 Hermae
921 1071 1026 1135 editus
1049 1072 1112 1155 est)
1135 1091 1276 1153 ,eumque
1303 1073 1383 1153 siglo
1406 1074 1432 1135 Α
1457 1093 1516 1135 no·

249 1207 398 1284 tavimus3
428 1208 504 1285 pars
526 1224 636 1268 earum
659 1205 756 1268 tertia
778 1206 825 1287 (p.
849 1207 1003 1290 63-69)
1026 1207 1210 1271 continetur
1232 1207 1329 1270 etiam
1351 1207 1385 1270 in
1410 1207 1515 1270 codice

249 1341 353 1404 Musei
379 1339 555 1403 Britannici
584 1339 693 1403 XVIII
719 1339 739 1407 f.
770 1345 960 1420 139-146,
988 1343 1079 1425 cujus
1108 1343 1343 1425 apographum,
1377 1342 1457 1424 siglo
1486 1344 1514 1406 B

248 1475 448 1557 insignitum,
477 1475 738 1556 comparavimus,
779 1476 920 1557 Regulae
947 1482 1097 1541 constant
1123 1477 1227 1541 tribus
1254 1476 1400 1558 partibus
1430 1498 1514 1558 quae

167 1643 168 1646 ¹
249 1611 393 1693 quamvis
416 1611 543 1691 origine
558 1610 701 1674 diversae
724 1611 801 1691 sint,
828 1615 936 1675 tamen
958 1612 992 1675 in
1013 1611 1094 1676 libro
1117 1610 1194 1675 Msc.
1217 1631 1281 1675 uno
1304 1616 1414 1676 tenore
1437 1635 1513 1676 con·
1542 1685 1547 1691 ,

249 1747 387 1828 scriptae
418 1752 502 1810 sunt.
552 1746 673 1811 Earum
700 1745 803 1827 prima
828 1747 1054 1828 perantiquum
1083 1751 1133 1810 est
1158 1753 1400 1811 monumentum
1427 1747 1514 1829 quod

248 1884 422 1947 etiamnum
450 1881 570 1945 Graece
599 1886 715 1945 enstat¹
730 1882 763 1944 in
790 1880 927 1944 Palladii
959 1882 1094 1946 historia
1124 1882 1281 1946 Lausiaoa
1311 1881 1343 1945 0.
1370 1882 1513 1946 XXXIX

247 2023 281 2080 et
303 2018 373 2097 XL3
407 2039 482 2098 pars
511 2017 650 2081 secunda
672 2017 792 2081 Graece
820 2017 905 2098 typis
927 2017 1070 2080 nondum
1091 2018 1248 2099 impressa
1270 2022 1332 2095 est,
1362 2016 1417 2080 sed
1444 2039 1512 2082 ma-

247 2153 413 2233 nuscripta
434 2152 594 2215 invenitur
615 2152 649 2214 in
671 2151 777 2215 codice
801 2150 939 2231 quodam
958 2151 1158 2232 Florentino,
1181 2151 1312 2234 ejusque
1334 2152 1513 2216 versionem

248 2288 396 2350 Latinam
418 2286 559 2349 invenies
591 2287 624 2348 in
646 2285 735 2348 Actis
758 2285 948 2349 Sanctorum
978 2285 1105 2368 (Venet.
1132 2289 1230 2371 1738)
1259 2286 1319 2351 sub
1346 2286 1397 2350 die
1421 2287 1513 2350 XIIIa

246 2422 324 2486 Maii
345 2443 375 2502 p.
397 2424 458 2484 346
481 2425 513 2483 et
533 2426 612 2500 347;
634 2420 736 2502 partis
757 2420 882 2498 tertiae,
905 2421 1090 2484 recentioris
1112 2422 1223 2503 utique
1247 2421 1302 2486 sed
1324 2423 1402 2486 scite
1425 2442 1511 2484 com-

245 2558 383 2638 positae,
416 2555 624 2638 archetypum
657 2575 715 2618 nos
748 2554 876 2636 quidem
901 2555 1042 2637 reperire
1070 2576 1135 2618 non
1162 2556 1334 2638 potuimus.
1386 2557 1511 2621 Harum

245 2692 429 2774 regularum
461 2698 567 2773 partes
602 2690 684 2754 duae
715 2691 837 2771 priores
869 2689 931 2753 etsi
962 2692 1083 2772 passim
1098 2768 1100 2772 Ι
1115 2696 1285 2772 corruptae
1316 2697 1348 2755 et
1378 2713 1512 2757 mancae

246 2834 335 2906 sunt,
363 2833 470 2893 tamen
499 2849 518 2890 a
544 2826 635 2890 nobis
663 2825 835 2907 impetrare
864 2825 1077 2906 nequivimus,
1110 2830 1147 2889 ut
1173 2831 1415 2890 monumentum
1442 2833 1512 2891 tam

244 2986 353 3027 rarum
369 2985 386 3026 e
401 2968 511 3025 nostra
528 2953 706 3025 anecdoton
725 2960 909 3025 collectione
932 2959 1181 3024 excluderemus.
1226 2959 1288 3024 Sed
1311 2981 1350 3025 ne
1372 2961 1511 3026 lectores

244 3099 277 3160 in
309 3096 373 3159 illis
406 3096 484 3158 locis
517 3095 699 3174 haererent,
735 3095 888 3170 lectiones
916 3095 1055 3159 Graecas
1088 3095 1138 3157 vel
1160 3095 1306 3173 Latinas,
1341 3117 1358 3160 e
1392 3098 1510 3177 quibus

245 3232 413 3296 emendare
435 3231 523 3309 licet,
547 3231 580 3292 in
602 3230 862 3295 annotationibus
885 3229 1096 3312 subjiciendas
1120 3250 1188 3293 esse
1211 3231 1399 3295 censuimus.

330 3372 360 3445 7)
388 3365 556 3445 Epistoloe
588 3370 621 3428 et
650 3365 684 3448 8)
710 3367 873 3430 Heracliae
905 3385 1013 3428 omnes
1046 3365 1250 3429 continentur
1282 3364 1365 3428 libro
1399 3366 1511 3449 Cyrilli
1551 3300 1554 3455 l

243 3499 448 3582 Aethiopico,
477 3501 567 3583 eujus
589 3500 823 3581 exemplaribus
844 3501 894 3564 usi
916 3520 1025 3563 smnus
1054 3498 1192 3580 duobuS,
1220 3500 1367 3564 videlicet
1387 3501 1414 3564 B
1438 3503 1457 3564 i.
1482 3525 1509 3566 e.
1551 3490 1554 3572 l

244 3635 438 3716 Tubingensi
460 3642 493 3700 et
514 3637 541 3699 Α
564 3636 584 3698 i.
607 3655 633 3699 e.
654 3635 849 3699 Londinensi
871 3634 942 3714 illo,
966 3633 1051 3716 quod
1074 3634 1237 3715 quondam
1258 3636 1292 3698 in
1314 3634 1511 3702 bibliotheca

243 3771 411 3836 Societatis
434 3770 544 3834 indiae
567 3769 714 3834 orientali
734 3771 921 3852 imperantis
941 3770 1116 3851 repositum
1135 3774 1217 3854 uerat.
1262 3770 1427 3851 Epistolae
1451 3794 1510 3837 nec

242 3928 306 3971 non
330 3906 449 3985 Severi,
472 3905 650 3983 Iuvenalis,
680 3904 825 3983 Eusebii,
856 3904 1028 3982 Theodoti,
1057 3904 1158 3968 Firmi
1186 3905 1337 3969 homiliae
1364 3905 1406 3969 ad
1432 3927 1510 3970 con·
1547 3895 1554 4049 1

242 4000 348 4106 cilium
380 4041 500 4125 Ephesi
533 4062 560 4105 a.
594 4045 653 4104 431
689 4040 834 4103 habitum
865 4039 1036 4121 pertinent.
1096 4040 1243 4123 Epistola
1274 4045 1430 4122 utraque,
1465 4063 1510 4106 sc.
1552 4076 1554 4085 ·

241 4176 373 4240 Ioannis
402 4175 593 4242 Antiocheni
627 4174 667 4239 ad
695 4174 847 4257 Cyrillum
875 4175 1127 4240 Alexandrinum
1161 4179 1194 4238 et
1226 4174 1336 4258 Cyrilli
1365 4174 1416 4239 Al.
1450 4197 1510 4257 per
