3120 4778
605 62 803 122 Praelatio.
1254 95 1327 144 xm

61 259 198 326 Paulum
220 259 355 324 Emesae
378 262 562 344 episcopum
589 263 632 328 ad
653 264 809 329 loannem
832 266 906 329 Ant.
936 267 1043 346 missa,
1073 268 1194 335 Graece
1223 278 1328 338 exstat

61 398 95 460 in
126 395 297 460 Sacrorum
320 395 533 461 Concilicrum
560 398 651 464 Nova
680 398 875 464 Collectione
908 422 929 465 a
954 402 1058 466 Marsi
1084 404 1172 470 edita
1198 411 1273 470 tom.
1302 408 1328 471 V

59 552 84 594 o.
118 535 239 595 289—-
256 534 317 594 292
351 536 383 594 et
417 536 476 595 301
498 569 535 580 -
557 538 628 598 309.
688 535 732 598 At
758 533 906 600 homiliae
939 540 1012 600 octo
1046 560 1126 619 quas
1159 540 1328 623 selegimus

60 686 183 745 omnes,
211 685 407 746 quamquam
429 671 462 730 et
483 669 573 750 ipsae
595 689 612 733 e
635 669 757 733 Graeco
778 670 812 733 in
835 671 918 735 Geez
940 692 1062 751 versae,
1090 681 1247 755 quantum
1269 699 1327 743 nos

59 805 189 888 quidem
212 805 342 881 scimus,
372 803 493 867 Graece
514 804 656 869 nondum
677 805 763 888 typis
788 805 893 869 editae
919 811 1003 869 sunt.
1054 807 1097 872 Et
1118 811 1272 890 epistolae
1294 819 1327 878 et

59 941 210 1005 homiliae
238 938 406 1003 intellectu
439 937 568 1020 quidem
600 937 809 1018 difficiliores,
844 940 900 1005 sed
934 941 1088 1006 orationis
1119 963 1233 1024 genere
1266 968 1325 1029 pu-

58 1077 184 1141 rissimo
213 1081 245 1140 et
276 1074 499 1156 antiquissimo
526 1073 668 1154 insignes
694 1080 769 1138 sunt
791 1081 824 1139 et
846 1075 976 1156 dignae,
1009 1097 1092 1157 quae
1118 1098 1138 1141 a
1166 1078 1241 1142 viris
1263 1081 1325 1146 Aa·

57 1212 220 1294 thiopioae
252 1173 382 1291 linguae
415 1207 567 1302 studiosis
599 1213 845 1290 pertractentur.
903 1210 954 1273 Ex
986 1211 1099 1276 iisdem
1135 1213 1326 1295 scriptorum

58 1321 142 1428 quae
176 1345 216 1410 ad
248 1345 443 1427 theologiam
476 1343 688 1441 dogmaticam
721 1350 754 1410 et
787 1346 980 1427 exegeticam
1012 1348 1175 1429 pertinent
1208 1349 1326 1432 stylum

58 1481 224 1545 addiscere
251 1481 335 1545 licet.
378 1479 536 1544 Homilias
564 1479 727 1544 Severiani
756 1486 788 1544 et
816 1480 939 1563 Cyrilli,
969 1502 1041 1546 cum
1067 1484 1169 1565 magis
1195 1492 1326 1566 apertae

58 1621 90 1680 et
112 1616 153 1681 ad
177 1616 400 1697 exponendum
421 1615 579 1680 faciliores
601 1615 679 1694 sint,
702 1620 816 1679 contra
836 1617 1061 1682 auctoritatem
1084 1618 1228 1685 codicum
1249 1627 1324 1686 ante

57 1757 203 1816 caeteras
225 1752 398 1833 posuimus.

144 1887 182 1950 ln
205 1885 454 1951 chrestomathia
475 1886 509 1949 in
531 1907 595 1967 qua
616 1887 706 1950 varia
733 1885 899 1950 hterarum
926 1906 1042 1966 genera
1069 1889 1221 1970 exemplis
1250 1890 1324 1954 illu-

57 2022 193 2087 stranda
221 2023 287 2086 sint
316 2023 421 2104 poesis
455 2021 564 2085 deesse
596 2021 717 2102 nequit.
772 2021 851 2104 Ejus
885 2020 1004 2102 species
1037 2020 1124 2102 apud
1150 2022 1323 2106 Aethiopes

58 2163 134 2223 sunt
157 2157 251 2221 duae:
280 2157 344 2221 aha
365 2161 492 2221 constat
519 2157 712 2221 carminibus
742 2176 825 2251 quae
851 2155 917 2220 fere
944 2156 1051 2219 omnia
1077 2157 1111 2219 in
1138 2176 1189 2220 res
1216 2177 1323 2222 sacras

56 2294 106 2358 vel
135 2313 290 2375 personas
317 2298 444 2357 sanctas
478 2291 564 2356 dicta
596 2296 684 2369 sunt,
718 2292 782 2356 alia
813 2290 939 2374 hymnis
972 2296 1005 2355 et
1030 2291 1214 2373 antiphonis
1242 2314 1325 2376 quae

56 2434 186 2510 praeter
217 2427 357 2509 psalmos
390 2426 438 2490 vel
470 2424 601 2508 psalmis
632 2425 836 2491 intermixtae
869 2425 981 2490 diebus
1013 2426 1102 2491 festis
1131 2429 1164 2491 in
1193 2428 1324 2494 aedibus

56 2564 157 2628 sacris
179 2563 304 2627 cantari
326 2561 480 2626 solebant.
532 2560 620 2625 Haec
647 2561 857 2643 Aethiopibus
886 2561 975 2643 prius
1002 2563 1130 2627 exculta
1156 2563 1252 2628 fuisse
1278 2564 1323 2626 vi-

56 2699 151 2762 detur
179 2719 276 2779 quam
303 2696 373 2776 illa;
407 2700 494 2761 certe
521 2697 664 2761 carmina
693 2700 853 2778 quotquot
885 2702 1058 2777 supersunt
1089 2697 1217 2777 linguae
1249 2703 1324 2760 sunt

56 2833 250 2897 documenta
265 2831 443 2913 degeneris,
465 2851 530 2896 non
545 2832 674 2896 nativae
688 2831 775 2895 illins
791 2850 873 2912 quae
895 2830 929 2892 in
951 2851 1006 2894 ore
1027 2829 1139 2910 populi
1161 2829 1322 2910 quondam

55 2969 127 3032 viva
157 2972 241 3046 erat,
276 2967 332 3032 sed
353 2965 498 3032 laeticiae
527 2967 694 3051 cujusdam
724 2972 756 3030 ct
788 2969 934 3043 ornatae,
970 2985 1052 3046 quae
1080 2962 1201 3027 ultimis
1228 2963 1323 3028 madii

55 3102 125 3167 aevi
149 3102 284 3166 saeculis
305 3102 340 3165 in
362 3102 479 3167 scholis
500 3070 702 3167 literatorum
724 3100 830 3165 efficta
853 3101 980 3164 nonnisi
1002 3099 1043 3163 ad
1064 3099 1162 3163 libros
1185 3100 1322 3164 conscri-

55 3237 177 3302 bendos
200 3243 357 3320 usurpata
379 3244 457 3302 erat.

145 3374 178 3455 9)
213 3373 240 3434 E
275 3373 483 3437 Carminibus
515 3371 683 3454 selegimus
715 3371 952 3453 praestantiora
986 3369 1143 3451 quaedam
1176 3375 1208 3433 et
1241 3391 1322 3451 quae

54 3507 221 3591 Abyssinis
251 3508 329 3589 ipsis
359 3509 496 3572 maxime
523 3513 599 3571 sunt
630 3507 664 3570 in
697 3506 836 3585 deliciis,
869 3525 1063 3587 quamquam
1096 3505 1136 3570 ab
1169 3524 1207 3569 aa
1239 3525 1322 3586 quae

55 3648 185 3707 nostrae
218 3643 298 3706 artis
331 3643 474 3724 politicae
507 3642 632 3723 legibus
664 3642 860 3723 praecipitur
897 3641 1061 3727 elegantia,
1087 3646 1119 3705 et
1155 3645 1321 3704 venustate

54 3777 149 3859 longe
178 3777 293 3842 aliena.
348 3773 483 3843 Carmen
510 3778 662 3860 primum,
696 3776 818 3841 Tabiba
845 3774 990 3840 Tabiban
1017 3775 1220 3856 inscriptum,
1247 3792 1319 3835 cen-

52 3913 167 3977 turia¹
197 3931 345 3976 versuum
368 3934 424 3977 seu
446 3913 651 3994 stropharum
674 3915 808 3989 constat,
829 3911 864 3973 in
886 3911 1001 3992 quibus
1017 3910 1103 3974 Deus
1125 3929 1164 3972 ex
1186 3906 1321 3970 historia

127 4206 136 4237 ¹
160 4204 298 4259 Numerus
324 4211 371 4259 102
397 4222 479 4274 quern
507 4205 535 4257 in
561 4204 650 4258 lexico
675 4207 770 4258 nostro
799 4221 821 4255 c.
845 4202 884 4255 XI
913 4199 1071 4266 statuimus,
1100 4211 1193 4272 errore
1215 4195 1321 4262 nititur,
