3120 4778
237 125 304 172 XVI
765 96 966 154 Praefatio.

239 304 344 381 5289,
367 301 407 381 ο),
429 299 514 363 inter
535 317 648 361 nomen
671 296 919 362 determinatum
942 302 975 360 et
996 296 1210 361 determinans
1233 298 1321 363 aliud
1343 300 1505 383 interponi

237 434 393 517 potuerit,
423 433 507 516 quod
530 432 732 496 determinati
755 436 919 514 tamquam
941 433 1191 513 permutativum
1221 433 1270 497 sit.
1322 434 1445 499 Deinde
1473 437 1505 499 id

238 569 324 652 quod
347 571 416 652 jam
442 569 471 632 J.
498 566 652 631 Ludolfus
678 568 712 630 in
740 588 799 631 sua
827 567 1036 648 grammatica
1069 574 1264 646 asseruerat,
1301 590 1359 633 nos
1388 576 1505 651 autem,

239 705 315 788 quia
330 703 473 785 exemplo
488 701 580 766 nobis
594 702 736 766 nondum
757 703 928 784 probatum
951 709 1035 781 erat,
1060 703 1094 766 in
1108 709 1220 767 nestra
1239 705 1449 784 grammatica
1471 707 1506 790 (l.

239 862 264 904 e.
287 843 395 903 annot.
421 839 451 922 1)
474 838 676 919 negavimus,
705 858 815 900 verum
838 857 906 901 esse
928 858 968 900 ex
991 836 1114 901 duobus
1137 838 1404 904 chrestomathiae
1427 842 1505 905 locis

239 979 387 1057 apparet,
409 972 571 1036 licentiam
594 971 680 1051 dice,
704 993 768 1054 qua
790 976 897 1036 sumta
917 976 1031 1054 potitae
1053 993 1168 1036 nornen
1191 974 1406 1040 determinans
1430 984 1505 1042 ante

238 1130 351 1174 nomen
375 1107 621 1171 determinatum
646 1113 679 1171 et
699 1107 734 1169 in
757 1112 844 1171 statu
867 1113 1049 1171 constrncto
1073 1108 1212 1189 positum
1240 1109 1395 1174 collocare
1417 1112 1506 1176 haud

239 1244 402 1309 dubitant:
431 1243 578 1324 exempla
599 1242 805 1307 inveniuntur
831 1264 861 1324 p·
885 1242 968 1307 361.
993 1249 1010 1307 9
1035 1248 1067 1306 et
1089 1265 1119 1324 p.
1146 1249 1204 1308 147
1227 1243 1248 1307 l.
1274 1250 1312 1308 10
1334 1247 1389 1327 (at
1414 1245 1505 1311 locus

237 1404 268 1464 p.
301 1347 358 1444 137
386 1380 408 1444 l.
439 1384 477 1442 18
503 1379 577 1443 inde
605 1380 792 1461 exponitur,
825 1379 912 1461 quod
939 1375 1075 1452 ww
1108 1381 1171 1444 vim
1198 1380 1351 1445 Infinitivi
1378 1382 1504 1466 habet).

238 1516 384 1597 Denique
416 1535 545 1578 monere
578 1513 726 1594 velimus,
763 1514 865 1597 legem
901 1516 934 1578 in
967 1535 1098 1597 gramm.
1132 1517 1149 1599 ᾗ
1186 1521 1261 1595 189,
1291 1522 1325 1596 3„
1359 1538 1379 1581 a
1409 1540 1504 1599 prae-

238 1657 377 1733 ceptam,
400 1671 417 1713 e
439 1670 504 1732 qua
523 1650 671 1732 Subjecto
694 1671 810 1714 nomen
832 1651 866 1713 in
889 1652 1078 1716 Accusativo
1101 1672 1262 1733 apponere
1284 1651 1371 1733 lieet,
1394 1655 1505 1718 multis

238 1784 505 1850 ehrestomathiae
528 1785 681 1866 exemplis
703 1785 835 1865 firmari,
859 1791 895 1849 ut
916 1808 947 1867 p.
970 1791 1019 1850 50.
1043 1791 1093 1849 88.
1117 1791 1156 1849 99
1180 1786 1220 1850 al.

321 1921 445 1985 Dabam
469 1921 581 1985 Gissae
605 1919 772 1984 Cattorum

278 2055 329 2120 die
351 2052 398 2120 IX
414 2056 559 2120 Octobris
574 2056 812 2120 MDCCCLXV.
